1682 2938
905 149 988 191 244

397 256 542 297 Postea
568 269 665 298 vero
692 256 772 298 Ad.
788 259 1156 312 Brongniartus
1186 261 1223 300 in
1242 262 1527 303 DiSsertatione
1544 265 1625 304 exi-

290 334 366 373 mia
393 334 443 374 de
477 335 727 386 generatione
763 336 981 388 plantarum
1019 338 1081 388 (Α
1094 351 1164 377 nn.
1195 339 1230 377 d.
1261 352 1321 378 sc.
1352 344 1442 379 nat.
1474 341 1518 379 T.
1539 339 1623 389 12.)

288 423 370 451 non
397 411 526 451 solum
553 411 653 452 hanc
679 426 812 453 veram
838 415 1083 467 micropylen
1119 415 1296 466 agnovit,
1337 420 1376 454 et
1405 416 1622 466 genituram

289 500 361 538 per
395 488 518 539 ipsam
551 488 594 527 in
629 501 763 529 semen
796 496 1003 541 penetrare
1039 491 1227 540 asseruit,
1279 492 1350 530 sed
1384 497 1475 543 post
1502 492 1624 532 Ami-

291 564 419 604 cium
447 565 696 605 emissionem
725 567 884 607 fovillae
915 581 937 607 e
964 568 1114 620 polline
1141 568 1182 606 in
1211 567 1390 619 stigmate
1419 569 1539 608 instar
1568 570 1624 608 in-

289 641 420 680 testini
447 642 689 692 observavit,
735 643 899 695 granula
935 644 1031 684 vidit
1070 644 1235 695 explosa
1261 648 1371 683 motu
1397 645 1538 696 agitata
1565 652 1627 685 sat

289 718 485 768 profunde
513 719 555 759 in
580 720 719 772 stigma
744 725 970 772 penetrare3
996 725 1079 761 tum
1105 735 1203 761 vero
1219 735 1292 772 per
1310 721 1539 761 cellularum
1568 723 1624 761 in-

293 794 459 834 terstitia
488 800 527 835 et
554 809 627 847 per
652 797 899 848 micropylen
926 797 967 837 in
995 797 1157 838 ovulum
1186 798 1333 838 intrare
1350 799 1554 849 ipsumque
1570 799 1624 837 fe-

292 870 458 911 fundare
486 873 652 923 putavit.

400 970 447 1010 R.
467 971 728 1011 Brownius
758 973 849 1011 dum
877 972 918 1011 in
944 972 1045 1012 hano
1073 971 1297 1023 opinionem
1316 971 1539 1024 inquireret,
1569 973 1624 1012 in-

292 1046 400 1086 venit
434 1059 516 1087 non
543 1048 673 1087 solum
708 1049 748 1088 in
774 1048 945 1100 polline,
988 1049 1059 1087 sed
1093 1048 1134 1087 in
1166 1048 1296 1087 multis
1325 1049 1411 1088 aliis
1440 1050 1622 1098 materiis,

293 1123 409 1163 etiam
450 1123 722 1174 mineralibus,
773 1138 896 1176 parva
946 1125 1108 1177 granula
1148 1128 1260 1164 motu
1306 1126 1417 1177 quasi
1461 1126 1623 1177 proprio

292 1200 444 1252 agitata.
500 1201 735 1242 Observavit
761 1214 857 1241 vero
886 1202 927 1240 in
949 1201 1154 1242 Orchideis
1183 1205 1222 1241 et
1248 1200 1516 1253 Asclepiadeis
1539 1202 1626 1253 pol-

291 1276 382 1318 linis
422 1278 585 1330 granula
628 1278 669 1318 in
707 1278 867 1318 tubulos
909 1290 1010 1330 quos
1051 1282 1167 1318 vocat
1207 1290 1391 1318 mucosos
1442 1279 1625 1328 (mucous

294 1355 430 1407 cords)
459 1367 710 1405 excrescere,
743 1354 859 1404 ali0S,
890 1368 1047 1408 quoque
1075 1367 1264 1406 generare
1293 1355 1451 1394 tubulos
1478 1354 1625 1394 similli-

292 1444 399 1482 mos,
455 1437 494 1472 et
529 1443 612 1472 non
646 1432 775 1472 solum
810 1432 851 1471 in
883 1444 1064 1484 germen,
1117 1433 1188 1472 sed
1216 1445 1371 1484 quoque
1399 1432 1439 1470 in
1466 1431 1626 1471 ovulum

294 1509 461 1549 transire
489 1509 696 1562 ipsumque
730 1510 807 1548 hoc
843 1509 963 1549 modo
992 1509 1202 1548 fecundare
1229 1521 1312 1548 non
1338 1507 1481 1558 injuste
1504 1511 1624 1559 putat,

292 1585 381 1624 Hoc
416 1598 498 1624 non
531 1586 660 1625 solum
694 1586 736 1625 in
771 1586 889 1626 variis
918 1585 1144 1635 Orchideis,
1185 1585 1255 1624 sed
1290 1597 1446 1637 quoque
1480 1585 1520 1623 in
1547 1568 1626 1623 una

293 1661 425 1712 planta
460 1674 483 1700 e
516 1660 664 1701 familia
699 1662 1047 1712 Asclepiadem-um
1094 1662 1185 1711 (cfr.
1222 1662 1379 1700 Verm.
1407 1662 1538 1701 Schr.
1565 1660 1625 1711 5.)

293 1737 400 1777 vidit.
455 1735 609 1777 Auctor
635 1738 967 1790 ingeniosissimus
995 1737 1113 1776 simul
1141 1750 1299 1789 quoque
1318 1737 1625 1777 modestissimus

294 1817 502 1854 tractatum
529 1815 583 1854 ita
608 1814 712 1864 finit,
746 1819 791 1854 ut
827 1818 967 1854 contra
1002 1813 1093 1853 illos
1121 1817 1382 1864 protestetur,
1421 1814 1488 1865 qui
1522 1814 1626 1852 hunc

296 1891 458 1930 modum
484 1891 768 1933 fecundationis
802 1891 982 1931 omnibus
1010 1890 1153 1942 plantis
1187 1890 1483 1942 phanerogamis
1519 1902 1626 1929 com-

296 1981 454 2009 munem
479 1968 613 2009 velint.

407 2062 509 2101 Tum
536 2061 583 2102 A.
612 2062 649 2102 J.
679 2062 723 2101 C.
753 2061 914 2102 Corda
949 2072 1031 2100 non
1057 2059 1186 2099 solum
1213 2059 1309 2098 vidit
1336 2059 1514 2098 tubulum
1541 2059 1627 2110 pol-

295 2137 478 2177 linarium
504 2138 546 2177 in
573 2138 735 2179 ovulum
761 2138 848 2178 Pini
870 2137 1018 2177 Abietis
1044 2139 1330 2188 penetrantem,
1373 2136 1443 2174 sed
1470 2148 1627 2187 quoque

294 2216 495 2268 quomodo
523 2215 627 2255 intra
653 2215 815 2255 ovulum
841 2226 928 2253 sese
955 2213 1134 2253 habuerit
1160 2211 1231 2262 (N.
1257 2212 1304 2252 A.
1322 2211 1466 2252 Acad.
1484 2213 1625 2263 Leop.

296 2291 399 2334 car.
429 2291 556 2332 T.17.
584 2293 627 2332 P.
644 2291 683 2332 2.
710 2306 749 2344 p.
767 2290 893 2340 601.)

403 2383 509 2429 38111,
530 2395 649 2435 supra
688 2385 737 2424 de
777 2384 922 2423 tubulis
957 2384 1056 2434 dixi,
1093 2383 1163 2435 qui
1196 2381 1428 2433 explosione
1465 2382 1624 2432 pollinis

294 2460 576 2513 producuntur,
610 2465 693 2500 tum
721 2461 770 2500 de
798 2460 943 2500 tubulis
971 2474 992 2500 e
1019 2459 1183 2512 granulo
1209 2457 1369 2510 pollinis
1396 2469 1626 2498 excrescen-

292 2537 408 2587 tibus,
436 2549 536 2589 quos
561 2537 821 2577 Brownius
849 2549 1034 2577 mucosos
1059 2539 1193 2586 vocat,
1221 2534 1377 2574 tandem
1403 2534 1451 2573 de
1478 2533 1624 2573 tubulis

293 2613 516 2665 granulosis
543 2613 583 2654 in
610 2613 736 2654 canali
762 2613 981 2664 stigmatico
1010 2612 1158 2652 exortis
1186 2623 1208 2651 e
1235 2610 1403 2662 papillis,
1431 2610 1487 2649 uti
1517 2609 1622 2650 vide-
