1682 2938
918 135 975 177 64

280 246 398 287 bores
431 243 655 285 cauliflorae
688 244 731 285 in
765 245 992 297 regionibus
1021 246 1186 299 tropicis
1221 247 1271 286 ad
1310 258 1375 286 eas
1402 248 1614 299 pertinent,

281 334 382 375 quae
422 334 552 362 ramos
593 321 822 374 superiores
859 323 1054 363 foliiferos
1098 324 1296 372 emittunt,
1339 323 1546 363 inferiores
1590 338 1612 364 e

279 399 386 451 ligno
428 402 583 440 vetusto
624 398 844 451 florigeros.
905 400 994 439 Huc
1029 413 1189 453 quoque
1223 400 1415 440 referrem
1441 399 1618 452 Alpinia-

281 489 372 516 ceas
401 475 607 529 quasdam,
651 489 817 528 quarum
845 488 867 515 e
894 476 1108 516 rhizomate
1143 477 1254 528 scapi
1291 480 1330 516 et
1359 477 1490 517 caules
1517 490 1617 517 non-

278 553 357 593 nisi
383 553 502 592 flores
529 555 598 592 aut
625 552 721 592 folia
747 552 918 592 ferentes
946 556 1171 605 exsurgunt.
1202 553 1304 592 Sunt
1332 566 1488 606 quoqne
1505 554 1617 605 plan-

279 634 360 678 tae,
407 629 449 668 in
475 628 616 681 quibus
643 629 742 668 rami
779 629 968 669 florentes
996 633 1036 669 et
1061 629 1232 669 'foliiferi
1266 630 1320 669 ita
1355 630 1617 682 approximati

279 708 383 755 sunt,
409 708 456 744 ut
481 705 529 744 ad
559 704 728 745 eundem
753 704 883 757 possis
910 706 1060 745 referre
1087 719 1248 756 ramum,
1278 719 1311 746 e.
1327 720 1363 758 g.
1393 708 1433 746 in
1449 708 1615 759 Daphne

279 783 468 822 Mezereo
502 781 587 821 basi
620 781 772 822 scilicet
805 782 904 821 rami
945 781 1106 822 foliiferi
1150 796 1240 823 cum
1281 783 1379 824 folio
1425 797 1617 836 gemmam

279 859 494 899 floriferam
521 858 719 909 fulciente,
746 871 828 898 non
855 863 1052 911 protrusa.

389 975 497 1015 Haec
525 973 575 1013 de
603 973 681 1013 situ
702 986 902 1013 ramorum
931 975 1154 1015 florentium
1182 974 1286 1015 dicta
1312 974 1402 1025 sint,
1431 987 1540 1015 nunc
1568 975 1617 1014 de

281 1051 357 1091 sita
383 1049 743 1091 anthemiorum
770 1049 957 1090 dicamus.

389 1170 598 1211 Anthemia
625 1169 777 1210 caulem
804 1182 985 1211 ramosve
1003 1174 1071 1211 aut
1084 1171 1276 1211 terminan
1290 1176 1374 1212 taut
1389 1185 1471 1213 non
1486 1173 1620 1213 termi-

281 1251 386 1298 nant,
417 1246 524 1287 foliis
550 1246 704 1286 scilicet
731 1245 885 1287 caulem
911 1259 1120 1300 ramosque
1148 1248 1456 1289 terminantibus.
1505 1251 1620 1289 Hunc

283 1338 374 1365 cum
400 1323 581 1375 Jungio
607 1324 753 1376 (Isag.
779 1325 1007 1377 phytosc‚
1038 1325 1156 1365 cxl.
1185 1324 1279 1376 17.)
1308 1326 1461 1366 caulem
1488 1326 1622 1366 inde-

282 1401 597 1442 terminatum
622 1399 807 1451 dixerim,
853 1401 946 1453 quia
980 1404 1024 1440 ut
1057 1400 1115 1440 ait
1140 1401 1208 1441 vix
1241 1402 1423 1451 eximius,
1469 1403 1622 1442 nullum

280 1479 398 1518 habet
425 1475 666 1517 extensionis
692 1476 912 1526 terminum,
939 1477 1016 1517 nisi
1033 1490 1150 1529 quem
1166 1478 1386 1530 hybernum
1401 1480 1524 1531 frigus
1550 1480 1621 1519 im-

282 1555 406 1607 ponit,
433 1553 545 1592 illum
572 1553 963 1593 determinatum.
1008 1554 1143 1594 Gaulis
1158 1555 1439 1595 determinatus
1454 1556 1496 1595 in
1522 1556 1623 1596 mul-

282 1631 334 1672 tis
375 1630 607 1671 observatur
632 1629 795 1682 plantis,
837 1630 1071 1682 praesertim
1097 1631 1247 1681 herbis,
1286 1632 1327 1671 in
1355 1631 1619 1682 Graminibus,

284 1707 561 1762 Cyperoideis,
588 1707 909 1757 Polemoniaceis,
939 1708 1262 1760 Campanulaceis
1278 1712 1351 1748 etc.
1367 1721 1442 1748 nec
1468 1722 1550 1749 non
1578 1709 1620 1748 in

284 1785 502 1835 arboribus,
536 1785 758 1834 Pomaceis,
785 1784 1006 1834 Jasmineis,
1036 1784 1186 1824 Oleinis
1211 1789 1285 1824 etc.
1351 1786 1493 1825 Caules
1514 1786 1623 1826 inde-

284 1862 516 1903 terminatus
542 1874 639 1902 vero
666 1861 707 1901 in
733 1860 1013 1914 Asparagineis
1040 1861 1170 1911 variis,
1197 1861 1389 1911 Liliaceis,
1416 1863 1620 1914 permultis

284 1939 457 1980 Labiatis
486 1943 562 1979 etc.
589 1951 665 1978 nec
699 1951 782 1979 non
818 1938 858 1978 in
887 1938 1048 1988 Palmis,
1084 1938 1327 1992 Myrtaceis,
1362 1938 1620 1992 Amygdaleis

285 2016 451 2070 aliisque
479 2015 662 2056 occurrit.
826 2006 829 2010 ¹

392 2131 534 2172 Rarius
560 2129 705 2172 axillae
734 2131 908 2171 omnium
935 2129 1124 2172 foliorum
1150 2132 1269 2171 flores
1297 2130 1496 2180 emittunt,
1537 2129 1625 2183 ple-

285 2221 451 2261 rumque
479 2208 712 2249 inferiorum
739 2206 895 2248 steriles
921 2212 1023 2258 sunt,
1050 2208 1299 2260 superiorum
1315 2207 1526 2258 floriferae,
1553 2208 1625 2248 sed

286 2298 427 2337 magna
463 2289 523 2325 est
559 2284 775 2325 differentia
809 2297 860 2324 an
897 2297 1032 2324 omnes
1068 2285 1153 2325 fere
1191 2285 1389 2326 floriferae
1430 2283 1525 2333 sint,
1572 2288 1625 2323 an‘

286 2374 446 2414 paucae,
473 2362 578 2400 unde
605 2360 741 2413 planta
768 2361 918 2411 florida,
946 2374 1066 2413 parce
1093 2362 1239 2402 florens
1269 2366 1343 2401 etc.
1370 2360 1508 2401 vocari
1534 2364 1624 2411 pot-

289 2442 358 2478 est.
413 2438 458 2478 In
493 2435 625 2477 axillis
661 2436 850 2478 foliorum
890 2436 1218 2479 verticillatorum
1252 2442 1319 2478 aut
1357 2437 1398 2476 in
1442 2436 1622 2476 omnibus

289 2515 465 2567 ejusdem
492 2511 679 2554 verticilli
705 2515 826 2555 flores
852 2516 973 2568 positi
999 2520 1090 2555 sunt
1120 2519 1188 2556 aut
1215 2516 1255 2554 in
1283 2514 1512 2566 quibusdam
1539 2517 1622 2552 tan-

286 2595 381 2632 tum.
438 2591 504 2632 Sic
531 2591 573 2631 in
599 2590 878 2645 Lysimachiis,
917 2593 1086 2645 Hippuri
1114 2598 1188 2635 etc.
1217 2604 1353 2633 omnes
1382 2589 1522 2632 axillae
1550 2590 1622 2629 flo-
