1682 2938
877 650 999 700 VIII.

603 788 1273 845 Fructus,

272 957 378 1006 146.
443 960 706 1007 Fructus
749 964 942 1008 constat
976 977 1003 1007 e
1036 964 1246 1022 semine,
1278 958 1599 1009 seminibusve

462 1051 579 1111 post
623 1045 794 1096 florem
839 1049 1019 1108 enatis,
1068 1066 1175 1096 cum
1216 1051 1435 1113 ipsorum
1478 1050 1598 1096 inte-

459 1137 720 1198 gumentis.

374 1265 559 1307 Essentia
585 1267 755 1309 Fructus
782 1267 825 1307 in
853 1267 1000 1308 semine
1030 1266 1208 1308 consistit
1246 1266 1378 1306 Linn.
1406 1266 1479 1306 Ph.
1507 1266 1601 1305 bot.

267 1338 306 1394 ᾖ.
334 1339 401 1382 88.

376 1417 567 1459 Fructum
594 1420 871 1473 simplicem
888 1423 1006 1461 vocat
1024 1419 1334 1460 Gaertner-us
1356 1419 1450 1472 (De
1478 1420 1605 1459 fruc-

245 1494 399 1545 ,tibus
427 1499 474 1535 et
500 1497 770 1537 seminibus
797 1497 1098 1549 plantarum,
1124 1496 1264 1548 Stuttg.
1290 1494 1407 1537 1788.
1434 1496 1473 1537 4.
1500 1496 1549 1536 V.
1565 1495 1601 1537 1.

266 1583 307 1622 p.
337 1571 493 1623 LXX.)
553 1574 621 1626 qui
657 1587 708 1613 ex
740 1586 822 1614 uno
866 1573 1002 1614 ovario
1040 1573 1181 1622 oritur,
1238 1573 1409 1613 fructum
1443 1573 1605 1612 multi—

267 1647 465 1699 plicem,
495 1649 563 1701 qui
591 1663 612 1689 e
640 1650 794 1689 duobus
821 1654 889 1689 aut
915 1649 1096 1701 pluribus
1124 1649 1266 1690 ovariis
1296 1649 1470 1700 ejusdem
1495 1647 1604 1689 floris

269 1724 477 1766 enascitur.
533 1726 741 1777 Singulum
768 1726 946 1766 ovarium
974 1739 1091 1776 carp
1102 1725 1252 1765 ellum
1279 1725 1396 1775 sistit,
1434 1725 1602 1765 termino

267 1814 292 1841 a
318 1801 586 1842 Candollio
613 1802 784 1853 primum
811 1802 971 1842 usitato.

375 1877 548 1917 Fructus
585 1878 786 1930 spurius
822 1882 898 1928 est,
940 1878 1008 1931 qui
1043 1889 1094 1917 ex
1130 1877 1216 1917 aliis
1249 1878 1444 1929 partibus,
1488 1891 1603 1930 quam

267 1967 368 2008 quae
382 1955 432 1994 ad
448 1967 610 2007 germen
624 1955 831 2007 pertinent,
846 1957 1011 1994 constat.
1048 1954 1175 2004 Hujus
1189 1954 1319 1994 variae
1335 1957 1427 1993 sunt
1441 1953 1604 2005 species.

375 2031 568 2071 Valvulae
603 2031 814 2084 glumellae
849 2031 890 2070 in
925 2030 1176 2070 Graminibus
1211 2044 1293 2071 non
1330 2043 1422 2070 raro
1450 2030 1607 2070 indure-

263 2111 387 2148 scunt
414 2113 455 2148 et
482 2108 690 2149 seminium
717 2113 797 2148 tam
824 2111 933 2148 arcte
961 2107 1185 2156 includunt,
1238 2112 1283 2147 ut
1309 2107 1467 2147 difficile
1495 2120 1607 2159 sepa-

268 2188 389 2234 retur,
418 2186 526 2238 quod
554 2186 595 2226 in
611 2186 761 2226 Tritico
788 2184 933 2237 Spelta,
962 2188 1002 2224 et
1029 2184 1219 2234 affinibus,
1246 2185 1414 2225 Hordeis
1441 2183 1606 2224 Avenis-

269 2274 346 2314 que
377 2262 495 2301 cultis
524 2266 564 2302 et
591 2262 724 2303 multis
753 2262 838 2302 aliis
866 2261 1021 2301 accidit.

374 2338 566 2379 Bracteae
595 2343 872 2380 excrescentes
909 2338 1183 2379 strobilum
1218 2337 1460 2378 constituunt
1488 2337 1607 2376 Goni-

270 2417 460 2465 ferarum,
504 2417 553 2455 de
589 2428 669 2468 quo
697 2416 940 2465 dubitarunt,
978 2427 1072 2455 num
1099 2414 1281 2454 bracteae
1308 2413 1404 2464 sint,
1446 2427 1496 2453 an
1523 2414 1606 2465 ipsa

269 2492 502 2544 pericarpia.
558 2492 602 2530 In
615 2492 806 2545 Junipero
830 2493 1011 2532 bracteae
1041 2503 1230 2532 carnosae
1256 2491 1354 2531 fiunt
1383 2495 1421 2531 et
1447 2491 1606 2530 baccam

270 2569 411 2610 sistunt
440 2568 718 2621 compositam,
745 2568 994 2621 galbulum
1021 2572 1211 2609 vocatam.
