1682 2938
931 157 1016 203 354

306 273 557 329 invertuntur
604 274 644 310 et
689 283 761 322 per
803 271 916 331 paria
957 271 1300 323 approximantur,
1356 285 1391 313 e.
1424 286 1462 327 g.
1502 274 1654 322 Cassia;

306 345 342 387 f'
363 342 702 397 imbricantia‚
744 340 892 387 foliolis
921 348 1137 418 imbricatis
1173 362 1207 389 e.
1235 363 1271 402 g.
1299 349 1472 390 Mimosa
1498 351 1652 402 pudica.

416 424 571 481 Omnes
591 423 665 481 liae
692 418 929 482 mutationes
957 455 1045 482 cum
1072 442 1267 494 rigiditate
1295 443 1437 495 petioli
1464 445 1654 495 conjunc-

311 524 374 559 tae
402 523 510 568 sunt,
538 532 612 558 nec
642 532 732 558 cum
760 504 1006 559 flacciditate.

413 614 472 651 De
503 613 628 651 causis
656 612 787 651 variae
815 613 976 651 fuerunt
997 612 1203 664 opiniones
1227 612 1460 653 Auctorum.
1515 613 1654 653 Diver-

298 678 386 730 ,ς’έιιη
422 679 594 729 indolem
637 684 965 753 hygroscopicam
1005 690 1235 741 paginarum
1278 689 1364 728 folii
1398 689 1653 730 Bounetus

303 767 424 817 (Sut
461 766 649 817 Pasage
679 767 715 805 d.
745 766 904 825 feuill.
932 780 970 817 p.
995 765 1118 815 131.)
1154 779 1312 806 causam
1339 767 1478 807 voluit.
1534 767 1652 807 Lucis

301 843 504 893 absentiae
519 822 770 890 tribuendum
787 855 873 882 esse
898 855 1079 882 somnum
1098 844 1133 882 H
1144 843 1283 882 illius
1311 843 1519 885 affirmavit
1534 845 1652 894 (The

300 922 444 973 slseep
483 921 539 960 of‘
567 919 736 971 plants
772 919 897 959 Lond.
933 917 1054 959 1762.
1092 923 1139 959 et
1172 932 1315 971 germ.
1348 921 1463 973 ling.
1499 921 1652 960 Niirnb.

296 998 454 1047 1768.)
496 997 727 1036 *Zinnius
776 996 1016 1036 contrarium
1056 996 1227 1047 probare
1271 997 1422 1037 studuit
1463 997 1650 1048 (Hamb.

301 1070 498 1126 Magu'r.
518 1073 584 1114 26.
613 1087 651 1125 p.
678 1072 776 1124 412).
845 1073 1002 1124 Optime
1030 1085 1115 1113 rem
1144 1074 1330 1125 exposuit
1358 1074 1652 1114 Candollius

302 1152 509 1210 (Bullet.
540 1152 575 1190 d.
606 1151 632 1190 l.
655 1151 759 1190 Soc.
787 1150 903 1202 phil.
931 1163 969 1189 n.
999 1149 1065 1190 42.
1102 1151 1319 1202 Physiol.
1347 1146 1449 1202 νέες.
1468 1151 1506 1191 2.
1523 1150 1649 1200 86θ.).

301 1230 411 1285 Vidit
438 1229 607 1281 plantas,
636 1240 736 1280 quae
765 1233 881 1267 nocte
911 1227 1123 1277 dormiunt,
1151 1228 1229 1267 hoc
1256 1231 1434 1280 tempore
1461 1228 1543 1266 luci
1569 1227 1653 1267 lan-

296 1312 506 1352 gternarum-
538 1305 631 1344 loco
668 1305 840 1344 obscuro
878 1304 1078 1356 expositas
1119 1303 1292 1343 interdiu
1326 1318 1424 1344 vero
1466 1305 1650 1353 tenebris,

297 1383 416 1423 initio
446 1382 718 1435 irregulariter
745 1381 885 1421 foliola
914 1394 1154 1432 componere
1184 1385 1222 1420 et
1245 1382 1468 1433 expandere
1493 1381 1651 1421 tandem

298 1451 594 1510 Veross‘diei'et
622 1459 731 1499 nocti
759 1458 1026 1499 artificialibus
1055 1458 1236 1497 adsuetas
1265 1470 1379 1498 mane
1409 1471 1650 1510 componere

296 1514 588 1590 v'fiili‘ol'a'nocte
616 1549 714 1576 vero
744 1537 985 1588 expandere3
1017 1539 1100 1575 tum
1128 1534 1341 1575 Mimosam
1359 1534 1651 1587 pudicamvluci

302 1595 513 1655 ¹continuae
543 1614 766 1666 expositam
794 1614 982 1666 periodos
1011 1625 1171 1652 servare
1201 1615 1434 1662 consuetas,
1463 1612 1535 1652 sed
1562 1611 1651 1650 bre-

256 1721 259 1742 3
299 1674 443 1740 viores,
471 1673 644 1730 tenebris
673 1704 769 1730 vero
798 1689 1018 1741 expositam
1033 1689 1221 1740 periodos
1251 1689 1408 1741 quidem
1436 1688 1507 1728 sed
1527 1687 1649 1737 ,valde

298 1768 552 1820 irregulares.
617 1768 662 1806 In
700 1766 908 1806 Oxalidem
943 1765 1122 1806 strictam
1158 1769 1196 1804 et
1240 1765 1482 1805 incarnatam
1515 1765 1650 1804 lumen

301 1845 504 1885 artificiale
532 1845 720 1896 periodos
749 1848 957 1883 consuetas
985 1854 1067 1881 non
1093 1823 1270 1880 mutavit.
1301 1864 1353 1870 —
1395 1842 1487 1881 Vim
1515 1841 1651 1880 motri-

302 1937 389 1963 cem
418 1922 458 1961 in
484 1921 567 1960 basi
595 1919 732 1972 petioli
760 1921 974 1959 incrassata
1009 1918 1185 1957 residere
1221 1918 1326 1958 idem
1352 1918 1535 1969 probavit
1558 1930 1650 1956 nam

297 1990 485 2058 'foliolum'
526 1998 741 2037 dissectum
784 2009 866 2037 non
890 1995 1031 2035 'minus
1068 1999 1252 2035 movetur
1290 2008 1407 2048 quam
1442 1994 1649 2046 integrum,

299 2076 514 2116 dummodo
544 2074 715 2123 intactus
745 2074 864 2129 fuerit
891 2071 1080 2112 articulus
1109 2071 1196 2112 iste.

406 2175 653 2214 Mutationes
682 2175 825 2213 florum
853 2175 962 2212 sunt:
991 2171 1237 2210 Clauduntur
1263 2169 1414 2210 corolla
1442 2174 1483 2209 et
1512 2169 1647 2220 calyce
1679 2131 1682 2231 1¹

299 2263 438 2293 rursus
474 2251 530 2291 ita
558 2251 803 2303 complicatis
833 2254 872 2290 et
900 2249 1108 2302 appositis,
1133 2248 1192 2288 uti
1219 2247 1330 2287 brevi
1358 2250 1447 2287 ante
1477 2246 1650 2298 explica·
1678 2238 1682 2314 11

296 2318 445 2370 tionem
475 2333 587 2368 erant
616 2332 805 2380 tempore.
861 2328 948 2367 Hoc
983 2339 1140 2380 quoque
1169 2326 1221 2376 &in
1254 2325 1419 2364 floribus
1455 2321 1650 2374 composi·
1677 2315 1682 2368 Pl

298 2407 349 2448 tis
377 2420 449 2447 seu
478 2400 697 2445 c'alathidiis
730 2405 818 2444 fieri
845 2409 984 2444 notum
1013 2408 1082 2444 est.
1140 2402 1185 2443 In
1215 2402 1447 2456 quibusdam
1475 2400 1649 2451 Compo-

296 2484 383 2524 sitis
411 2464 557 2535 ligulae
587 2483 811 2534 dependent
839 2485 878 2521 et
906 2481 1120 2533 eriguntur.
1181 2477 1401 2520 Pedunculi
1435 2477 1477 2516 in
1511 2475 1646 2516 multis
1675 2519 1676 2530 1

298 2561 484 2600 deorsum
533 2560 757 2599 flectuntur.
831 2558 914 2598 Hae
964 2558 1203 2598 mutationes
1251 2554 1478 2607 saepissime
1522 2556 1645 2593 noctu

297 2637 405 2687 fiunt,
435 2641 527 2677 sunt
554 2648 663 2685 vero,
691 2635 759 2688 qui
787 2635 958 2675 interdiu
987 2635 1234 2683 clauduntur,
1262 2636 1386 2673 noctu
1403 2630 1646 2683 aperiuntur,
1672 2672 1673 2688 Ξ
