1682 2938
825 160 827 162 .
891 124 975 169 288

265 238 379 276 flexa.
436 235 480 274 Si
507 246 603 274 vero
631 233 828 274 funiculus
857 236 1089 275 umbilicalis
1119 236 1260 287 longus
1291 240 1366 286 est,
1403 249 1484 276 non
1512 250 1602 278 raro
1639 265 1643 269 ψ

265 313 502 364 singularem
539 301 805 350 sibi'sumunt
839 312 967 351 situm.
1033 312 1099 351 Sic
1138 314 1335 352 funiculus
1370 315 1601 354 umbilicalis

265 390 307 428 in
333 390 483 440 pariete
520 387 704 439 capsulae
740 388 913 426 decurrit
947 402 1072 441 usque
1114 391 1161 429 ad
1199 392 1282 440 ejus
1320 391 1470 442 apicem
1509 396 1602 430 tune

266 466 389 504 libere
419 464 623 504 descendit
652 469 691 504 et
718 477 854 503 semen
883 469 1002 504 temet
1029 466 1244 516 pendulum
1273 467 1313 505 in
1342 467 1508 515 Statice,
1545 467 1603 506 sio
1640 499 1642 501 .

265 541 464 581 funiculus
500 541 742 580 umbilicales
781 542 964 581 centralis
1001 544 1041 581 in
1083 543 1239 582 seminis
1267 548 1403 583 ventre
1432 544 1603 583 decurrit

265 624 303 659 et
329 631 454 671 usque
482 619 531 658 ad
559 619 719 657 dorsum
748 618 951 657 descendit
980 619 1018 657 in
1048 619 1159 668 Vite,
1194 626 1232 659 et
1262 633 1361 672 quae
1391 625 1481 659 sunt
1517 620 1603 659 alia.

262 695 479 735 Umbilicus
507 694 610 745 ipse,
646 694 680 732 si
709 707 844 733 semen
872 695 993 746 magis
1022 697 1062 734 in
1090 695 1372 746 longitudinem
1401 703 1603 736 extensum

265 777 325 812 est
353 776 421 812 aut
448 772 488 810 in
518 770 763 810 extremitate
792 770 931 819 altera,
961 776 1028 811 aut
1056 785 1182 823 prope
1211 772 1334 823 ipsam
1364 778 1429 812 aut
1457 774 1496 811 in
1524 787 1603 812 me-

264 850 330 890 dio
359 849 511 901 positus
529 847 735 894 invenitur,
765 859 901 886 semen
929 850 1190 888 transversale
1219 862 1375 901 semper
1403 850 1442 888 in
1469 850 1600 888 medio

263 931 330 966 aut
355 938 482 978 prope
509 923 681 963 medium
709 923 842 969 habet3
887 936 1023 963 semen
1059 925 1308 976 deplanatum
1345 931 1410 965 aut
1437 927 1476 965 in
1503 940 1603 965 mar-

263 1004 370 1055 gine,
418 1001 476 1040 uti
509 1000 651 1052 vulgo,
692 1004 760 1039 aut
800 998 841 1038 in
875 1001 1002 1040 medio
1040 1014 1140 1054 quae
1174 1002 1322 1041 semina
1354 1003 1497 1054 peltata
1531 1016 1602 1042 vo-

265 1085 416 1120 cantur.

372 1155 491 1195 Nunc
519 1157 674 1194 constat
701 1152 850 1192 semina
877 1152 995 1204 plane
1023 1154 1129 1193 nuda
1161 1167 1232 1194 seu
1260 1155 1406 1206 absque
1434 1154 1603 1205 pericar-

262 1234 330 1286 pio
359 1246 442 1272 non
471 1231 652 1271 existere.
707 1230 768 1268 De
799 1229 987 1270 Pinorum
1016 1231 1162 1270 semine
1192 1232 1368 1270 dubitare
1395 1231 1497 1280 licet,
1532 1231 1602 1270 sed

264 1313 313 1351 de
340 1311 457 1362 hujus
486 1308 731 1359 aliorumque
761 1306 898 1346 formis
922 1308 1112 1347 anomalis
1140 1309 1241 1347 infra
1270 1309 1433 1347 dicetur.

266 1455 377 1502 144.
442 1447 701 1516 Embryo
746 1451 797 1495 in
843 1451 1025 1496 semine
1070 1454 1153 1497 aut
1191 1447 1469 1497 evolutus
1514 1453 1602 1510 est,

461 1543 546 1588 aut
577 1535 939 1598 involutus,
982 1542 1067 1585 aut
1094 1535 1553 1585 subinvolutuS.'

372 1672 578 1722 Embryo
616 1669 852 1709 evolutus
895 1670 1096 1708 caudicem
1138 1670 1291 1709 futurae
1328 1669 1486 1721 plantae
1517 1669 1601 1720 ipse

263 1750 383 1800 sistit,
428 1748 515 1788 basi
548 1747 743 1787 radiculas
779 1745 859 1797 agit
893 1758 1063 1796 superne
1097 1759 1193 1785 vero
1228 1746 1286 1784 uti
1313 1747 1446 1796 planta
1472 1746 1604 1785 adulta

260 1841 334 1880 per
374 1838 566 1878 gemmam
606 1823 810 1871 increscit,
853 1821 957 1861 foliis
993 1822 1225 1875 plerumque
1263 1823 1416 1861 duobus
1452 1822 1601 1861 fultam.

260 1903 376 1943 Folia
403 1903 548 1941 haecce
577 1901 835 1952 cotyledones
863 1903 1073 1946 vocantur3
1127 1899 1185 1938 uti
1212 1903 1409 1950 tegmenta
1435 1912 1603 1949 gemma-

261 1993 351 2019 rum
379 1979 642 2019 crassiuscula
671 1990 757 2017 esse
786 1977 934 2025 solent,
977 1989 1051 2027 per
1083 1976 1242 2028 aliquod
1277 1980 1430 2027 tempus
1461 1975 1604 2026 persis—

261 2061 359 2106 tunt,
388 2060 471 2095 tum
497 2069 594 2095 vero
625 2054 821 2106 explicata
848 2065 1000 2104 gemma
1022 2052 1216 2092 decidunt.
1274 2053 1373 2091 Cum
1402 2052 1604 2102 cotyledo-

261 2146 332 2173 nes
361 2133 594 2185 plerumque
623 2131 723 2170 duae
752 2130 838 2180 sint,
867 2130 1036 2182 plantae,
1065 2143 1164 2181 quae
1180 2129 1403 2180 hujusmodi
1424 2129 1604 2179 embryo-

261 2223 354 2250 nem
381 2210 542 2258 habent,
577 2208 799 2259 dicotyleae
828 2211 1033 2247 vocantur.
1089 2206 1241 2245 Paucae
1269 2206 1328 2244 uti
1354 2205 1441 2244 Pini
1467 2205 1603 2256 plures

260 2287 404 2326 habent
433 2283 702 2337 cotyledones,
730 2297 921 2336 gemmam
936 2282 1154 2331 fulcientes,
1182 2282 1338 2333 plantae
1357 2281 1603 2333 polycotyle-

262 2365 386 2403 dones
416 2362 552 2411 dictae,
583 2377 605 2401 a
633 2361 841 2412 dicotyleis
870 2373 1012 2412 parum
1040 2360 1326 2410 descrepantes.

370 2440 477 2479 Dum
506 2420 668 2490 embryo
698 2438 799 2477 intra
826 2450 961 2477 semen
989 2437 1103 2486 latet,
1139 2441 1294 2476 constat
1322 2449 1343 2476 e
1372 2439 1483 2486 parte
1513 2434 1602 2474 reli-

262 2530 360 2570 quas
388 2515 603 2556 sustinente
632 2528 749 2567 quam
777 2514 873 2554 olim
900 2514 1077 2553 rhizoma
1105 2513 1196 2562 dixi,
1224 2511 1329 2552 nunc
1352 2525 1440 2552 cum
1458 2512 1603 2550 Bern-

259 2594 433 2634 hardio
462 2591 701 2643 (Linnaea
724 2592 761 2632 7.
791 2589 906 2642 561.)
937 2589 1247 2630 caudssioulum
1275 2589 1509 2639 vocaverim,
1538 2586 1603 2627 cui

1120 2674 1155 2705 φ
