1682 2938
903 124 986 166 280

274 234 401 285 posita
428 236 487 272 est
514 231 568 281 (e.
597 245 632 283 g.
663 231 860 283 Juglans).
915 232 1008 273 Non
1037 234 1222 286 frequens
1252 237 1313 272 est
1341 233 1489 273 classis.
1543 233 1613 274 Al-

276 314 360 349 tera
388 309 863 360 campulstroporum,
893 309 933 348 in
962 310 1101 362 quibus
1121 310 1278 349 chalaza
1292 311 1476 350 cumhilo
1506 311 1615 350 coin-

279 386 390 434 cidit,
429 386 646 437 micropyle
672 399 768 426 vero
799 386 980 425 chalazae
1010 400 1089 425 non
1118 386 1299 437 opposita
1325 387 1392 425 sed
1422 387 1613 437 apposita,

279 475 312 502 e.
331 476 366 514 g.
380 462 690 514 Papilionaceae‚
716 462 955 512 Cruciferae,
985 463 1308 514 Caryo‘pliylleae.
1348 463 1481 502 Tertia
1509 477 1564 501 an
1576 476 1615 502 a-

277 543 548 590 troporum,
576 538 794 590 micropyle
823 539 979 591 quidem
1007 539 1087 579 hilo
1109 541 1301 591 apposita,
1331 539 1489 578 chalaza
1515 552 1613 579 vero

277 628 301 654 a
327 614 408 655 hilo
442 620 613 665 remota,
650 615 826 655 funiculo
855 615 1067 655 umbilicali
1095 616 1195 654 inter
1222 620 1430 667 utrumque
1465 616 1615 666 integu-

275 696 450 732 mentum
485 705 509 731 ει
542 691 622 730 hilo
661 692 710 730 ad
745 691 940 731 chalazam
973 693 1204 731 decurrente
1241 697 1279 731 et
1319 693 1496 743 raplien
1535 692 1615 731 for-

277 773 418 816 mante,
445 773 489 807 ut
516 769 557 807 in
585 768 776 816 Liliaceis‚
805 768 1119 808 Ranunculaceis
1144 769 1318 820 aliisque.
1355 769 1468 807 Initio
1484 768 1614 807 omnia

278 832 396 884 evula
424 845 545 883 fuisse
575 845 807 895 orthotropa
836 849 932 887 tunc
958 858 1054 884 vero
1084 845 1277 896 inaequali
1305 845 1546 883 incremento
1573 845 1614 883 in

278 920 562 972 campulitropa
592 925 631 960 et
659 926 848 972 anatropa
876 921 1017 960 abiisse
1045 921 1130 959 vult
1153 920 1313 968 Auctor,
1342 921 1411 959 sed
1437 921 1613 960 dubitare

274 996 382 1036 licet.
438 997 699 1036 Secundinam
730 998 898 1036 deficere
925 997 964 1035 in
978 997 1169 1048 Jnglande
1199 997 1300 1036 idem
1327 997 1422 1045 vult,
1451 998 1520 1036 sed
1547 1010 1612 1036 res

278 1077 339 1112 est
368 1073 596 1112 difficillima
623 1074 828 1113 extricatu.
886 1074 952 1113 Sic
977 1074 1016 1112 in
1036 1074 1274 1125 Syngenesis
1291 1086 1334 1113 se
1362 1086 1443 1111 non
1469 1073 1613 1112 vidisse

274 1149 797 1200 micropylenBrownius
826 1150 888 1199 ait,
918 1164 1034 1203 quam
1058 1150 1099 1189 in
1126 1151 1332 1190 Heliantho
1360 1162 1491 1189 annuo
1518 1149 1615 1190 vidit

275 1225 551 1268 Mirbelius

383 1325 535 1365 Versus
578 1329 732 1377 tempus
776 1326 1062 1366 fecundationis
1109 1339 1248 1365 cavum
1288 1325 1391 1365 intra
1431 1324 1615 1364 nucleum

275 1400 469 1441 formatur
494 1402 621 1453 primo
655 1416 838 1454 parvum,
876 1407 943 1443 aut
971 1407 1194 1455 angustum,
1244 1406 1325 1441 tum
1361 1414 1457 1442 vero
1492 1402 1615 1452 magis

273 1478 475 1531 magisque
503 1479 675 1530 amplum
703 1479 936 1532 plerumque
967 1480 1089 1519 fluido
1126 1478 1334 1530 repletum.
1397 1478 1491 1517 Non
1517 1491 1616 1517 sem-

273 1567 347 1605 per
373 1555 414 1594 in
441 1556 569 1595 medio
597 1556 740 1595 nucleo
769 1556 940 1607 positum
977 1560 1049 1605 est,
1090 1556 1158 1594 sed
1195 1568 1311 1606 saepe
1339 1555 1380 1593 in
1408 1555 1532 1593 altero
1560 1555 1617 1594 la-

274 1633 372 1669 tere.
427 1631 580 1671 Versus
615 1645 704 1671 eum
738 1632 889 1681 locum,
935 1646 1052 1684 quem
1087 1636 1225 1683 postea
1262 1630 1485 1682 embryonis
1514 1631 1616 1670 radi-

275 1706 364 1745 cula
390 1707 561 1758 respicit,
592 1708 737 1746 canalis
768 1708 946 1759 dirigitur
973 1709 1098 1747 rarius
1129 1721 1248 1747 cavus
1277 1707 1501 1758 saepissime
1528 1720 1617 1758 par-

276 1783 505 1834 enchymate
542 1783 696 1823 clausus
733 1785 871 1823 eodem
906 1785 1044 1832 modo,
1083 1797 1160 1836 quo
1192 1784 1335 1823 canalis
1368 1783 1611 1833 stigmaticus

276 1859 482 1908 clauditur,
518 1859 559 1898 in
587 1861 780 1899 Phaseolo
811 1860 955 1911 optime
986 1860 1299 1911 conspiciendus.
1355 1859 1531 1899 Nucleus
1559 1860 1616 1898 in-

275 1936 430 1975 terdum
458 1936 534 1975 hoc
562 1937 682 1976 modo
713 1937 795 1976 fere
825 1938 1033 1984 evanescit,
1063 1936 1259 1975 interdum
1277 1936 1540 1974 membranam
1555 1949 1617 1974 re-

273 2011 433 2064 linquit,
475 2026 592 2065 quam
632 2015 891 2052 tertianam
934 2017 1051 2052 vocat
1087 2012 1366 2061 Mirbelius,
1421 2012 1616 2051 interdum
1666 2054 1669 2060 ‚

273 2101 372 2127 vero
399 2102 490 2140 pars
524 2102 666 2141 magna
699 2094 905 2141 permanet
940 2089 1095 2128 cellulis
1132 2101 1249 2143 saepe
1286 2088 1417 2140 amylo
1455 2088 1616 2140 repletis

273 2163 502 2204 albumen
530 2179 561 2207 s,
590 2167 892 2224 perispermium
922 2167 1107 2207 formans.

382 2274 537 2313 Gavitas
573 2276 706 2316 nuclei
738 2289 821 2316 non
848 2289 939 2315 raro
969 2275 1275 2327 parenchymate
1302 2274 1397 2313 laxo
1422 2273 1538 2314 viridi
1567 2286 1615 2313 eo
1650 2265 1657 2268 ’

270 2348 364 2389 loco
394 2350 613 2400 obducitur,
641 2365 719 2405 quo
750 2354 912 2405 embryo
942 2355 1086 2401 oritur,
1123 2364 1239 2406 quem
1268 2351 1388 2401 cingit
1417 2354 1456 2389 et
1489 2349 1618 2389 inves-

273 2426 338 2473 tit,
374 2439 449 2465 nec
484 2425 564 2467 ncn
591 2442 680 2468 cum
707 2430 848 2470 eodem
876 2434 991 2470 aucto
1030 2433 1068 2469 et
1096 2432 1272 2480 augetur.
1329 2427 1614 2478 Quartinam

271 2503 687 2554 vocatMirbelius‚
716 2505 756 2544 in
774 2506 987 2545 cruciferis
1017 2506 1162 2557 optime
1191 2503 1520 2555 conspiciendam.
1555 2503 1618 2541 In-

271 2580 426 2619 terdum
469 2581 746 2633 corpusculum
792 2583 1026 2625 cellulosum
1075 2583 1178 2622 intra
1231 2594 1370 2621 cavum
1418 2578 1615 2631 prominet
