<?xml version="1.0" encoding="UTF-8"?>
<!DOCTYPE html PUBLIC "-//W3C//DTD XHTML 1.0 Transitional//EN"
    "http://www.w3.org/TR/xhtml1/DTD/xhtml1-transitional.dtd">
<html xmlns="http://www.w3.org/1999/xhtml" xml:lang="en" lang="en">
 <head>
  <title>
</title>
<meta http-equiv="Content-Type" content="text/html;charset=utf-8" />
  <meta name='ocr-system' content='tesseract 3.04.00' />
  <meta name='ocr-capabilities' content='ocr_page ocr_carea ocr_par ocr_line ocrx_word'/>
</head>
<body>
  <div class='ocr_page' id='page_1' title='image "./elementaphilosop02linkuoft_0156.png"; bbox 0 0 1682 2938; ppageno 0'>
   <div class='ocr_carea' id='block_1_1' title="bbox 900 125 982 166">
    <p class='ocr_par' dir='ltr' id='par_1_1' title="bbox 900 125 982 166">
     <span class='ocr_line' id='line_1_1' title="bbox 900 125 982 166; baseline 0 0"><span class='ocrx_word' id='word_1_1' title='bbox 900 125 982 166; x_wconf 78' lang='lat'>134</span> 
     </span>
    </p>
   </div>
   <div class='ocr_carea' id='block_1_2' title="bbox 273 234 1682 289">
    <p class='ocr_par' dir='ltr' id='par_1_2' title="bbox 273 234 1682 289">
     <span class='ocr_line' id='line_1_2' title="bbox 273 234 1682 289; baseline 0.001 -15"><span class='ocrx_word' id='word_1_2' title='bbox 273 234 601 274; x_wconf 85' lang='lat' dir='ltr'>Cichoracearum</span> <span class='ocrx_word' id='word_1_3' title='bbox 628 234 732 273; x_wconf 88' lang='lat' dir='ltr'>inter</span> <span class='ocrx_word' id='word_1_4' title='bbox 764 234 926 274; x_wconf 85' lang='lat' dir='ltr'>lacinias</span> <span class='ocrx_word' id='word_1_5' title='bbox 961 236 1194 283; x_wconf 89' lang='lat' dir='ltr'>decurrunt,</span> <span class='ocrx_word' id='word_1_6' title='bbox 1234 235 1287 274; x_wconf 87' lang='lat' dir='ltr'>ita</span> <span class='ocrx_word' id='word_1_7' title='bbox 1327 241 1456 275; x_wconf 87' lang='lat' dir='ltr'>tamen</span> <span class='ocrx_word' id='word_1_8' title='bbox 1484 239 1529 275; x_wconf 91' lang='lat' dir='ltr'>ut</span> <span class='ocrx_word' id='word_1_9' title='bbox 1557 249 1605 276; x_wconf 92' lang='lat' dir='ltr'>eo</span> <span class='ocrx_word' id='word_1_10' title='bbox 1677 237 1682 289; x_wconf 46' lang='grc' dir='ltr'>,ᾗ</span> 
     </span>
    </p>
   </div>
   <div class='ocr_carea' id='block_1_3' title="bbox 270 300 1682 1738">
    <p class='ocr_par' dir='ltr' id='par_1_3' title="bbox 270 300 1682 1738">
     <span class='ocr_line' id='line_1_3' title="bbox 275 300 1682 363; baseline 0.001 -14"><span class='ocrx_word' id='word_1_11' title='bbox 275 311 316 350; x_wconf 88' lang='lat' dir='ltr'>in</span> <span class='ocrx_word' id='word_1_12' title='bbox 342 311 452 359; x_wconf 89' lang='lat' dir='ltr'>loco,</span> <span class='ocrx_word' id='word_1_13' title='bbox 487 310 556 349; x_wconf 88' lang='lat' dir='ltr'>ubi</span> <span class='ocrx_word' id='word_1_14' title='bbox 584 311 737 351; x_wconf 84' lang='lat' dir='ltr'>corolla</span> <span class='ocrx_word' id='word_1_15' title='bbox 765 311 944 360; x_wconf 88' lang='lat' dir='ltr'>finditur,</span> <span class='ocrx_word' id='word_1_16' title='bbox 987 312 1045 351; x_wconf 90' lang='lat' dir='ltr'>uti</span> <span class='ocrx_word' id='word_1_17' title='bbox 1074 325 1193 363; x_wconf 84' lang='lat' dir='ltr'>supra</span> <span class='ocrx_word' id='word_1_18' title='bbox 1222 311 1370 351; x_wconf 89' lang='lat' dir='ltr'>dictum</span> <span class='ocrx_word' id='word_1_19' title='bbox 1400 317 1477 361; x_wconf 88' lang='lat' dir='ltr'>est,</span> <span class='ocrx_word' id='word_1_20' title='bbox 1524 325 1613 351; x_wconf 91' lang='lat' dir='ltr'>ner-</span> <span class='ocrx_word' id='word_1_21' title='bbox 1678 300 1682 335; x_wconf 47' lang='lat'>*¹</span> 
     </span>
     <span class='ocr_line' id='line_1_4' title="bbox 276 388 1614 441; baseline 0.001 -15"><span class='ocrx_word' id='word_1_22' title='bbox 276 400 349 427; x_wconf 83' lang='lat' dir='ltr'>vus</span> <span class='ocrx_word' id='word_1_23' title='bbox 379 391 517 426; x_wconf 84' lang='lat' dir='ltr'><strong>cesset.</strong></span> <span class='ocrx_word' id='word_1_24' title='bbox 573 388 759 427; x_wconf 82' lang='lat' dir='ltr'>Corollae</span> <span class='ocrx_word' id='word_1_25' title='bbox 795 388 1068 439; x_wconf 85' lang='lat' dir='ltr'>monopetalae</span> <span class='ocrx_word' id='word_1_26' title='bbox 1104 389 1311 428; x_wconf 86' lang='lat' dir='ltr'>tubulosae</span> <span class='ocrx_word' id='word_1_27' title='bbox 1341 389 1614 441; x_wconf 88' lang='lat' dir='ltr'>quinquefidae</span> 
     </span>
     <span class='ocr_line' id='line_1_5' title="bbox 274 463 1614 517; baseline 0.001 -15"><span class='ocrx_word' id='word_1_28' title='bbox 274 463 409 515; x_wconf 83' lang='lat' dir='ltr'>phylla</span> <span class='ocrx_word' id='word_1_29' title='bbox 439 463 479 503; x_wconf 87' lang='lat' dir='ltr'>in</span> <span class='ocrx_word' id='word_1_30' title='bbox 515 463 798 514; x_wconf 88' lang='lat' dir='ltr'>Corymbiferis</span> <span class='ocrx_word' id='word_1_31' title='bbox 826 466 932 505; x_wconf 82' lang='lat' dir='ltr'>Juss.</span> <span class='ocrx_word' id='word_1_32' title='bbox 969 466 1201 517; x_wconf 85' lang='lat' dir='ltr'>plerumque</span> <span class='ocrx_word' id='word_1_33' title='bbox 1236 465 1488 504; x_wconf 84' lang='lat' dir='ltr'>laterinervia</span> <span class='ocrx_word' id='word_1_34' title='bbox 1522 470 1614 504; x_wconf 89' lang='lat' dir='ltr'>sunt</span> 
     </span>
     <span class='ocr_line' id='line_1_6' title="bbox 277 540 1616 593; baseline 0.001 -14"><span class='ocrx_word' id='word_1_35' title='bbox 277 544 316 579; x_wconf 90' lang='lat' dir='ltr'>et</span> <span class='ocrx_word' id='word_1_36' title='bbox 343 540 455 579; x_wconf 88' lang='lat' dir='ltr'>nervi</span> <span class='ocrx_word' id='word_1_37' title='bbox 482 540 585 579; x_wconf 86' lang='lat' dir='ltr'>inter</span> <span class='ocrx_word' id='word_1_38' title='bbox 618 541 779 580; x_wconf 82' lang='lat' dir='ltr'>lacinias</span> <span class='ocrx_word' id='word_1_39' title='bbox 810 554 881 581; x_wconf 91' lang='lat' dir='ltr'>seu</span> <span class='ocrx_word' id='word_1_40' title='bbox 909 542 1043 593; x_wconf 87' lang='lat' dir='ltr'>phylla</span> <span class='ocrx_word' id='word_1_41' title='bbox 1079 543 1312 588; x_wconf 80' lang='lat' dir='ltr'>decurrunt3</span> <span class='ocrx_word' id='word_1_42' title='bbox 1363 542 1616 581; x_wconf 86' lang='lat' dir='ltr'>inveniuntur</span> 
     </span>
     <span class='ocr_line' id='line_1_7' title="bbox 276 617 1616 668; baseline 0 -12"><span class='ocrx_word' id='word_1_43' title='bbox 276 630 372 656; x_wconf 89' lang='lat' dir='ltr'>vero</span> <span class='ocrx_word' id='word_1_44' title='bbox 402 621 442 656; x_wconf 88' lang='lat' dir='ltr'>et</span> <span class='ocrx_word' id='word_1_45' title='bbox 469 617 602 668; x_wconf 87' lang='lat' dir='ltr'>phylla</span> <span class='ocrx_word' id='word_1_46' title='bbox 629 618 852 658; x_wconf 86' lang='lat' dir='ltr'>trinervata.</span> <span class='ocrx_word' id='word_1_47' title='bbox 889 618 1014 657; x_wconf 85' lang='lat' dir='ltr'>Nervi</span> <span class='ocrx_word' id='word_1_48' title='bbox 1041 618 1224 657; x_wconf 84' lang='lat' dir='ltr'>laterales</span> <span class='ocrx_word' id='word_1_49' title='bbox 1253 618 1291 656; x_wconf 88' lang='lat' dir='ltr'>in</span> <span class='ocrx_word' id='word_1_50' title='bbox 1320 617 1485 657; x_wconf 83' lang='lat' dir='ltr'>laciniae</span> <span class='ocrx_word' id='word_1_51' title='bbox 1505 618 1616 668; x_wconf 85' lang='lat' dir='ltr'>apice</span> 
     </span>
     <span class='ocr_line' id='line_1_8' title="bbox 270 694 1617 746; baseline 0.001 -14"><span class='ocrx_word' id='word_1_52' title='bbox 270 694 501 744; x_wconf 85' lang='lat' dir='ltr'>junguntur.</span> <span class='ocrx_word' id='word_1_53' title='bbox 555 694 741 733; x_wconf 84' lang='lat' dir='ltr'>Corollae</span> <span class='ocrx_word' id='word_1_54' title='bbox 768 694 920 733; x_wconf 86' lang='lat' dir='ltr'>trifidae</span> <span class='ocrx_word' id='word_1_55' title='bbox 938 707 1034 734; x_wconf 89' lang='lat' dir='ltr'>vero</span> <span class='ocrx_word' id='word_1_56' title='bbox 1049 694 1366 746; x_wconf 85' lang='lat' dir='ltr'>Compositarum</span> <span class='ocrx_word' id='word_1_57' title='bbox 1385 695 1617 746; x_wconf 86' lang='lat' dir='ltr'>plerumque</span> 
     </span>
     <span class='ocr_line' id='line_1_9' title="bbox 276 770 1615 823; baseline 0 -14"><span class='ocrx_word' id='word_1_58' title='bbox 276 770 411 822; x_wconf 88' lang='lat' dir='ltr'>phylla</span> <span class='ocrx_word' id='word_1_59' title='bbox 443 771 587 810; x_wconf 86' lang='lat' dir='ltr'>habent</span> <span class='ocrx_word' id='word_1_60' title='bbox 622 771 836 810; x_wconf 87' lang='lat' dir='ltr'>trinervata</span> <span class='ocrx_word' id='word_1_61' title='bbox 873 776 911 810; x_wconf 89' lang='lat' dir='ltr'>et</span> <span class='ocrx_word' id='word_1_62' title='bbox 947 771 1104 823; x_wconf 87' lang='lat' dir='ltr'>quidem</span> <span class='ocrx_word' id='word_1_63' title='bbox 1142 784 1287 810; x_wconf 87' lang='lat' dir='ltr'>nervos</span> <span class='ocrx_word' id='word_1_64' title='bbox 1324 771 1427 810; x_wconf 92' lang='lat' dir='ltr'>inter</span> <span class='ocrx_word' id='word_1_65' title='bbox 1454 771 1615 810; x_wconf 89' lang='lat' dir='ltr'>lacinias</span> 
     </span>
     <span class='ocr_line' id='line_1_10' title="bbox 277 847 1617 899; baseline -0.001 -13"><span class='ocrx_word' id='word_1_66' title='bbox 277 847 533 886; x_wconf 83' lang='lat' dir='ltr'>decurrentes</span> <span class='ocrx_word' id='word_1_67' title='bbox 550 861 570 886; x_wconf 94' lang='lat' dir='ltr'>e</span> <span class='ocrx_word' id='word_1_68' title='bbox 587 847 741 886; x_wconf 88' lang='lat' dir='ltr'>duobus</span> <span class='ocrx_word' id='word_1_69' title='bbox 759 848 962 896; x_wconf 87' lang='lat' dir='ltr'>conflatos,</span> <span class='ocrx_word' id='word_1_70' title='bbox 991 848 1107 886; x_wconf 91' lang='lat' dir='ltr'>simul</span> <span class='ocrx_word' id='word_1_71' title='bbox 1136 861 1294 899; x_wconf 91' lang='lat' dir='ltr'>quoque</span> <span class='ocrx_word' id='word_1_72' title='bbox 1324 847 1477 885; x_wconf 89' lang='lat' dir='ltr'>initium</span> <span class='ocrx_word' id='word_1_73' title='bbox 1506 847 1617 886; x_wconf 90' lang='lat' dir='ltr'>nervi</span> 
     </span>
     <span class='ocr_line' id='line_1_11' title="bbox 277 923 1616 976; baseline 0 -14"><span class='ocrx_word' id='word_1_74' title='bbox 277 924 381 963; x_wconf 88' lang='lat' dir='ltr'>tertii</span> <span class='ocrx_word' id='word_1_75' title='bbox 415 924 455 962; x_wconf 89' lang='lat' dir='ltr'>in</span> <span class='ocrx_word' id='word_1_76' title='bbox 500 924 611 976; x_wconf 87' lang='lat' dir='ltr'>apice</span> <span class='ocrx_word' id='word_1_77' title='bbox 656 923 822 962; x_wconf 82' lang='lat' dir='ltr'>laciniae</span> <span class='ocrx_word' id='word_1_78' title='bbox 864 924 1123 975; x_wconf 82' lang='lat' dir='ltr'>conspicitur,</span> <span class='ocrx_word' id='word_1_79' title='bbox 1168 924 1236 962; x_wconf 92' lang='lat' dir='ltr'>ubi</span> <span class='ocrx_word' id='word_1_80' title='bbox 1280 925 1391 962; x_wconf 88' lang='lat' dir='ltr'>nervi</span> <span class='ocrx_word' id='word_1_81' title='bbox 1434 924 1616 963; x_wconf 82' lang='lat' dir='ltr'>laterales</span> 
     </span>
     <span class='ocr_line' id='line_1_12' title="bbox 280 1000 1618 1052; baseline 0 -13"><span class='ocrx_word' id='word_1_82' title='bbox 280 1014 369 1039; x_wconf 90' lang='lat' dir='ltr'>cum</span> <span class='ocrx_word' id='word_1_83' title='bbox 397 1001 526 1040; x_wconf 90' lang='lat' dir='ltr'>medio</span> <span class='ocrx_word' id='word_1_84' title='bbox 549 1001 781 1051; x_wconf 86' lang='lat' dir='ltr'>junguntur,</span> <span class='ocrx_word' id='word_1_85' title='bbox 811 1013 843 1039; x_wconf 87' lang='lat' dir='ltr'>e.</span> <span class='ocrx_word' id='word_1_86' title='bbox 862 1013 897 1051; x_wconf 84' lang='lat' dir='ltr'>g.</span> <span class='ocrx_word' id='word_1_87' title='bbox 917 1001 957 1038; x_wconf 94' lang='lat' dir='ltr'>in</span> <span class='ocrx_word' id='word_1_88' title='bbox 972 1000 1174 1040; x_wconf 83' lang='lat' dir='ltr'>Cineraria</span> <span class='ocrx_word' id='word_1_89' title='bbox 1187 1001 1310 1048; x_wconf 84' lang='lat' dir='ltr'>nivea,</span> <span class='ocrx_word' id='word_1_90' title='bbox 1341 1002 1453 1051; x_wconf 90' lang='lat' dir='ltr'>cujus</span> <span class='ocrx_word' id='word_1_91' title='bbox 1482 1000 1618 1052; x_wconf 84' lang='lat' dir='ltr'>phylla</span> 
     </span>
     <span class='ocr_line' id='line_1_13' title="bbox 281 1077 1616 1117; baseline -0.001 -1"><span class='ocrx_word' id='word_1_92' title='bbox 281 1077 521 1117; x_wconf 84' lang='lat' dir='ltr'>corollarum</span> <span class='ocrx_word' id='word_1_93' title='bbox 549 1077 822 1116; x_wconf 89' lang='lat' dir='ltr'>tubulosarum</span> <span class='ocrx_word' id='word_1_94' title='bbox 850 1077 949 1115; x_wconf 89' lang='lat' dir='ltr'>disci</span> <span class='ocrx_word' id='word_1_95' title='bbox 977 1090 1086 1115; x_wconf 89' lang='lat' dir='ltr'>more</span> <span class='ocrx_word' id='word_1_96' title='bbox 1115 1077 1231 1116; x_wconf 88' lang='lat' dir='ltr'>solito</span> <span class='ocrx_word' id='word_1_97' title='bbox 1250 1077 1500 1116; x_wconf 87' lang='lat' dir='ltr'>laterinervia</span> <span class='ocrx_word' id='word_1_98' title='bbox 1514 1081 1616 1116; x_wconf 90' lang='lat' dir='ltr'>sunt.</span> 
     </span>
     <span class='ocr_line' id='line_1_14' title="bbox 283 1152 1617 1204; baseline -0.001 -11"><span class='ocrx_word' id='word_1_99' title='bbox 283 1154 382 1193; x_wconf 90' lang='lat' dir='ltr'>Cum</span> <span class='ocrx_word' id='word_1_100' title='bbox 419 1155 595 1193; x_wconf 87' lang='lat' dir='ltr'>corollae</span> <span class='ocrx_word' id='word_1_101' title='bbox 633 1154 732 1192; x_wconf 86' lang='lat' dir='ltr'>radii</span> <span class='ocrx_word' id='word_1_102' title='bbox 767 1154 808 1192; x_wconf 91' lang='lat' dir='ltr'>in</span> <span class='ocrx_word' id='word_1_103' title='bbox 851 1153 960 1192; x_wconf 86' lang='lat' dir='ltr'>hisce</span> <span class='ocrx_word' id='word_1_104' title='bbox 995 1152 1139 1204; x_wconf 89' lang='lat' dir='ltr'>plantis</span> <span class='ocrx_word' id='word_1_105' title='bbox 1176 1153 1328 1191; x_wconf 81' lang='lat' dir='ltr'>trifidae</span> <span class='ocrx_word' id='word_1_106' title='bbox 1355 1153 1451 1201; x_wconf 87' lang='lat' dir='ltr'>sint,</span> <span class='ocrx_word' id='word_1_107' title='bbox 1507 1153 1617 1192; x_wconf 87' lang='lat' dir='ltr'>nervi</span> 
     </span>
     <span class='ocr_line' id='line_1_15' title="bbox 280 1229 1618 1282; baseline -0.002 -12"><span class='ocrx_word' id='word_1_108' title='bbox 280 1243 377 1270; x_wconf 90' lang='lat' dir='ltr'>vero</span> <span class='ocrx_word' id='word_1_109' title='bbox 415 1231 643 1282; x_wconf 86' lang='lat' dir='ltr'>compositi,</span> <span class='ocrx_word' id='word_1_110' title='bbox 687 1230 726 1269; x_wconf 92' lang='lat' dir='ltr'>in</span> <span class='ocrx_word' id='word_1_111' title='bbox 755 1230 1006 1269; x_wconf 89' lang='lat' dir='ltr'>Cichoraceis</span> <span class='ocrx_word' id='word_1_112' title='bbox 1041 1242 1137 1268; x_wconf 89' lang='lat' dir='ltr'>vero</span> <span class='ocrx_word' id='word_1_113' title='bbox 1173 1229 1464 1280; x_wconf 86' lang='lat' dir='ltr'>quinquefidae,</span> <span class='ocrx_word' id='word_1_114' title='bbox 1506 1229 1618 1268; x_wconf 87' lang='lat' dir='ltr'>nervi</span> 
     </span>
     <span class='ocr_line' id='line_1_16' title="bbox 280 1305 1620 1359; baseline -0.002 -12"><span class='ocrx_word' id='word_1_115' title='bbox 280 1320 378 1347; x_wconf 87' lang='lat' dir='ltr'>vero</span> <span class='ocrx_word' id='word_1_116' title='bbox 406 1308 621 1359; x_wconf 86' lang='lat' dir='ltr'>simplices,</span> <span class='ocrx_word' id='word_1_117' title='bbox 652 1307 823 1359; x_wconf 90' lang='lat' dir='ltr'>quinque</span> <span class='ocrx_word' id='word_1_118' title='bbox 852 1306 986 1358; x_wconf 87' lang='lat' dir='ltr'>phylla</span> <span class='ocrx_word' id='word_1_119' title='bbox 1014 1306 1343 1345; x_wconf 87' lang='lat' dir='ltr'>Cichoracearum</span> <span class='ocrx_word' id='word_1_120' title='bbox 1373 1305 1412 1344; x_wconf 93' lang='lat' dir='ltr'>in</span> <span class='ocrx_word' id='word_1_121' title='bbox 1440 1306 1515 1344; x_wconf 84' lang='lat' dir='ltr'>tria</span> <span class='ocrx_word' id='word_1_122' title='bbox 1542 1305 1620 1344; x_wconf 89' lang='lat' dir='ltr'>Co-</span> 
     </span>
     <span class='ocr_line' id='line_1_17' title="bbox 279 1381 1620 1434; baseline -0.002 -11"><span class='ocrx_word' id='word_1_123' title='bbox 279 1384 584 1434; x_wconf 74' lang='lat' dir='ltr'>&#39;rymbiferarum</span> <span class='ocrx_word' id='word_1_124' title='bbox 620 1396 704 1423; x_wconf 89' lang='lat' dir='ltr'>esse</span> <span class='ocrx_word' id='word_1_125' title='bbox 742 1389 962 1431; x_wconf 85' lang='lat' dir='ltr'>contracta,</span> <span class='ocrx_word' id='word_1_126' title='bbox 1006 1383 1120 1423; x_wconf 86' lang='lat' dir='ltr'>facile</span> <span class='ocrx_word' id='word_1_127' title='bbox 1158 1381 1398 1421; x_wconf 89' lang='lat' dir='ltr'>crediderim.</span> <span class='ocrx_word' id='word_1_128' title='bbox 1463 1381 1620 1421; x_wconf 89' lang='lat' dir='ltr'>Nervos</span> 
     </span>
     <span class='ocr_line' id='line_1_18' title="bbox 280 1459 1620 1510; baseline -0.002 -10"><span class='ocrx_word' id='word_1_129' title='bbox 280 1461 432 1500; x_wconf 89' lang='lat' dir='ltr'>medios</span> <span class='ocrx_word' id='word_1_130' title='bbox 472 1461 514 1500; x_wconf 91' lang='lat' dir='ltr'>in</span> <span class='ocrx_word' id='word_1_131' title='bbox 560 1461 721 1500; x_wconf 90' lang='lat' dir='ltr'>corollis</span> <span class='ocrx_word' id='word_1_132' title='bbox 764 1460 958 1500; x_wconf 89' lang='lat' dir='ltr'>tubulosis</span> <span class='ocrx_word' id='word_1_133' title='bbox 1002 1459 1321 1510; x_wconf 86' lang='lat' dir='ltr'>Compositarum</span> <span class='ocrx_word' id='word_1_134' title='bbox 1370 1459 1620 1498; x_wconf 81' lang='lat' dir='ltr'>antherarum</span> 
     </span>
     <span class='ocr_line' id='line_1_19' title="bbox 281 1535 1620 1588; baseline -0.001 -13"><span class='ocrx_word' id='word_1_135' title='bbox 281 1537 486 1588; x_wconf 89' lang='lat' dir='ltr'>pressione</span> <span class='ocrx_word' id='word_1_136' title='bbox 516 1550 602 1577; x_wconf 88' lang='lat' dir='ltr'>esse</span> <span class='ocrx_word' id='word_1_137' title='bbox 632 1538 880 1577; x_wconf 83' lang='lat' dir='ltr'>oblitteratos</span> <span class='ocrx_word' id='word_1_138' title='bbox 916 1550 997 1576; x_wconf 89' lang='lat' dir='ltr'>non</span> <span class='ocrx_word' id='word_1_139' title='bbox 1033 1536 1302 1575; x_wconf 84' lang='lat' dir='ltr'>dubitaverim.</span> <span class='ocrx_word' id='word_1_140' title='bbox 1372 1535 1620 1586; x_wconf 84' lang='lat' dir='ltr'>Singularem</span> 
     </span>
     <span class='ocr_line' id='line_1_20' title="bbox 282 1611 1619 1665; baseline -0.001 -14"><span class='ocrx_word' id='word_1_141' title='bbox 282 1612 324 1651; x_wconf 89' lang='lat' dir='ltr'>in</span> <span class='ocrx_word' id='word_1_142' title='bbox 352 1613 670 1665; x_wconf 84' lang='lat' dir='ltr'>Compositarum</span> <span class='ocrx_word' id='word_1_143' title='bbox 698 1614 860 1653; x_wconf 88' lang='lat' dir='ltr'>corollis</span> <span class='ocrx_word' id='word_1_144' title='bbox 889 1626 1103 1652; x_wconf 90' lang='lat' dir='ltr'>nervorum</span> <span class='ocrx_word' id='word_1_145' title='bbox 1131 1611 1444 1651; x_wconf 84' lang='lat' dir='ltr'>distributionem</span> <span class='ocrx_word' id='word_1_146' title='bbox 1472 1612 1619 1663; x_wconf 89' lang='lat' dir='ltr'>primus</span> 
     </span>
     <span class='ocr_line' id='line_1_21' title="bbox 282 1688 1618 1738; baseline -0.002 -9"><span class='ocrx_word' id='word_1_147' title='bbox 282 1694 465 1730; x_wconf 82' lang='lat' dir='ltr'>accurate</span> <span class='ocrx_word' id='word_1_148' title='bbox 507 1691 731 1731; x_wconf 83' lang='lat' dir='ltr'>observavit</span> <span class='ocrx_word' id='word_1_149' title='bbox 781 1691 827 1729; x_wconf 93' lang='lat' dir='ltr'>R.</span> <span class='ocrx_word' id='word_1_150' title='bbox 872 1690 1134 1729; x_wconf 90' lang='lat' dir='ltr'>Brownius</span> <span class='ocrx_word' id='word_1_151' title='bbox 1191 1690 1374 1738; x_wconf 85' lang='lat' dir='ltr'>(Verm.</span> <span class='ocrx_word' id='word_1_152' title='bbox 1411 1689 1543 1727; x_wconf 87' lang='lat' dir='ltr'>Schr.</span> <span class='ocrx_word' id='word_1_153' title='bbox 1581 1688 1618 1727; x_wconf 83' lang='lat'>2.</span> 
     </span>
    </p>
   </div>
   <div class='ocr_carea' id='block_1_4' title="bbox 281 1765 525 1820">
    <p class='ocr_par' dir='ltr' id='par_1_4' title="bbox 281 1765 525 1820">
     <span class='ocr_line' id='line_1_22' title="bbox 281 1765 525 1820; baseline 0 -14"><span class='ocrx_word' id='word_1_154' title='bbox 281 1765 374 1807; x_wconf 84' lang='grc'><strong>501.</strong></span> <span class='ocrx_word' id='word_1_155' title='bbox 403 1780 486 1820; x_wconf 87' lang='lat' dir='ltr'>sqq.</span> <span class='ocrx_word' id='word_1_156' title='bbox 495 1767 525 1816; x_wconf 85' lang='lat'>).</span> 
     </span>
    </p>
   </div>
   <div class='ocr_carea' id='block_1_5' title="bbox 282 1892 1621 2561">
    <p class='ocr_par' dir='ltr' id='par_1_5' title="bbox 282 1892 1621 2561">
     <span class='ocr_line' id='line_1_23' title="bbox 392 1892 1616 1946; baseline -0.003 -11"><span class='ocrx_word' id='word_1_157' title='bbox 392 1897 577 1937; x_wconf 89' lang='lat' dir='ltr'>Corollae</span> <span class='ocrx_word' id='word_1_158' title='bbox 619 1901 875 1937; x_wconf 87' lang='lat' dir='ltr'>structura</span> <span class='ocrx_word' id='word_1_159' title='bbox 917 1896 1051 1935; x_wconf 87' lang='lat' dir='ltr'>eadem</span> <span class='ocrx_word' id='word_1_160' title='bbox 1093 1896 1176 1935; x_wconf 89' lang='lat' dir='ltr'>fere</span> <span class='ocrx_word' id='word_1_161' title='bbox 1217 1899 1276 1934; x_wconf 92' lang='lat' dir='ltr'>est</span> <span class='ocrx_word' id='word_1_162' title='bbox 1318 1907 1418 1946; x_wconf 87' lang='lat' dir='ltr'>quae</span> <span class='ocrx_word' id='word_1_163' title='bbox 1459 1892 1616 1944; x_wconf 88' lang='lat' dir='ltr'>calycis.</span> 
     </span>
     <span class='ocr_line' id='line_1_24' title="bbox 282 1969 1620 2026; baseline -0.005 -12"><span class='ocrx_word' id='word_1_164' title='bbox 282 1973 406 2014; x_wconf 88' lang='lat' dir='ltr'>Nervi</span> <span class='ocrx_word' id='word_1_165' title='bbox 433 1988 454 2014; x_wconf 89' lang='lat' dir='ltr'>e</span> <span class='ocrx_word' id='word_1_166' title='bbox 480 1975 585 2014; x_wconf 84' lang='lat' dir='ltr'>vasis</span> <span class='ocrx_word' id='word_1_167' title='bbox 612 1974 820 2026; x_wconf 88' lang='lat' dir='ltr'>spiralibus</span> <span class='ocrx_word' id='word_1_168' title='bbox 849 1977 1053 2022; x_wconf 85' lang='lat' dir='ltr'>constant,</span> <span class='ocrx_word' id='word_1_169' title='bbox 1081 1985 1162 2012; x_wconf 91' lang='lat' dir='ltr'>non</span> <span class='ocrx_word' id='word_1_170' title='bbox 1192 1985 1281 2011; x_wconf 85' lang='lat' dir='ltr'>raro</span> <span class='ocrx_word' id='word_1_171' title='bbox 1311 1969 1551 2021; x_wconf 89' lang='lat' dir='ltr'>simplicibus</span> <span class='ocrx_word' id='word_1_172' title='bbox 1581 1973 1620 2008; x_wconf 90' lang='lat' dir='ltr'>et</span> 
     </span>
     <span class='ocr_line' id='line_1_25' title="bbox 283 2049 1619 2102; baseline -0.003 -14"><span class='ocrx_word' id='word_1_173' title='bbox 283 2050 464 2102; x_wconf 85' lang='lat' dir='ltr'>integris,</span> <span class='ocrx_word' id='word_1_174' title='bbox 499 2051 696 2091; x_wconf 89' lang='lat' dir='ltr'>interdum</span> <span class='ocrx_word' id='word_1_175' title='bbox 730 2050 950 2101; x_wconf 89' lang='lat' dir='ltr'>duplicibus</span> <span class='ocrx_word' id='word_1_176' title='bbox 987 2053 1026 2089; x_wconf 92' lang='lat' dir='ltr'>et</span> <span class='ocrx_word' id='word_1_177' title='bbox 1058 2049 1256 2100; x_wconf 84' lang='lat' dir='ltr'>pluribus;</span> <span class='ocrx_word' id='word_1_178' title='bbox 1311 2060 1430 2098; x_wconf 89' lang='lat' dir='ltr'>saepe</span> <span class='ocrx_word' id='word_1_179' title='bbox 1461 2058 1619 2098; x_wconf 92' lang='lat' dir='ltr'>quoque</span> 
     </span>
     <span class='ocr_line' id='line_1_26' title="bbox 283 2123 1621 2179; baseline -0.003 -15"><span class='ocrx_word' id='word_1_180' title='bbox 283 2127 563 2167; x_wconf 84' lang='lat' dir='ltr'>moniliformia</span> <span class='ocrx_word' id='word_1_181' title='bbox 589 2140 661 2167; x_wconf 91' lang='lat' dir='ltr'>seu</span> <span class='ocrx_word' id='word_1_182' title='bbox 697 2127 875 2179; x_wconf 87' lang='lat' dir='ltr'>apposita</span> <span class='ocrx_word' id='word_1_183' title='bbox 912 2125 1219 2177; x_wconf 89' lang='lat' dir='ltr'>conspiciuntur.</span> <span class='ocrx_word' id='word_1_184' title='bbox 1289 2123 1621 2173; x_wconf 86' lang='lat' dir='ltr'>Prosenchymate</span> 
     </span>
     <span class='ocr_line' id='line_1_27' title="bbox 283 2199 1618 2256; baseline -0.003 -15"><span class='ocrx_word' id='word_1_185' title='bbox 283 2202 516 2256; x_wconf 89' lang='lat' dir='ltr'>plerumque</span> <span class='ocrx_word' id='word_1_186' title='bbox 542 2204 726 2243; x_wconf 84' lang='lat' dir='ltr'>comitata</span> <span class='ocrx_word' id='word_1_187' title='bbox 753 2203 982 2250; x_wconf 84' lang='lat' dir='ltr'>decurrunt;</span> <span class='ocrx_word' id='word_1_188' title='bbox 1010 2203 1119 2241; x_wconf 90' lang='lat' dir='ltr'>deest</span> <span class='ocrx_word' id='word_1_189' title='bbox 1146 2206 1277 2240; x_wconf 84' lang='lat' dir='ltr'>tamen</span> <span class='ocrx_word' id='word_1_190' title='bbox 1305 2201 1346 2239; x_wconf 93' lang='lat' dir='ltr'>in</span> <span class='ocrx_word' id='word_1_191' title='bbox 1372 2199 1490 2239; x_wconf 86' lang='lat' dir='ltr'>variis</span> <span class='ocrx_word' id='word_1_192' title='bbox 1520 2211 1553 2237; x_wconf 89' lang='lat' dir='ltr'>e.</span> <span class='ocrx_word' id='word_1_193' title='bbox 1583 2211 1618 2249; x_wconf 87' lang='lat' dir='ltr'>g.</span> 
     </span>
     <span class='ocr_line' id='line_1_28' title="bbox 282 2275 1621 2331; baseline -0.004 -13"><span class='ocrx_word' id='word_1_194' title='bbox 282 2278 324 2318; x_wconf 92' lang='lat' dir='ltr'>in</span> <span class='ocrx_word' id='word_1_195' title='bbox 358 2279 608 2331; x_wconf 82' lang='lat' dir='ltr'>Compositis.</span> <span class='ocrx_word' id='word_1_196' title='bbox 676 2280 892 2331; x_wconf 87' lang='lat' dir='ltr'>Diachyma</span> <span class='ocrx_word' id='word_1_197' title='bbox 929 2293 950 2318; x_wconf 93' lang='lat' dir='ltr'>e</span> <span class='ocrx_word' id='word_1_198' title='bbox 989 2278 1142 2318; x_wconf 90' lang='lat' dir='ltr'>cellulis</span> <span class='ocrx_word' id='word_1_199' title='bbox 1177 2275 1491 2330; x_wconf 85' lang='lat' dir='ltr'>parenchymatis</span> <span class='ocrx_word' id='word_1_200' title='bbox 1528 2286 1621 2314; x_wconf 91' lang='lat' dir='ltr'>con-</span> 
     </span>
     <span class='ocr_line' id='line_1_29' title="bbox 285 2351 1620 2414; baseline -0.004 -20"><span class='ocrx_word' id='word_1_201' title='bbox 285 2359 378 2404; x_wconf 81' lang='lat' dir='ltr'>stat,</span> <span class='ocrx_word' id='word_1_202' title='bbox 417 2355 570 2414; x_wconf 83' lang='lat' dir='ltr'>lacunis</span> <span class='ocrx_word' id='word_1_203' title='bbox 605 2357 730 2410; x_wconf 89' lang='lat' dir='ltr'>iisque</span> <span class='ocrx_word' id='word_1_204' title='bbox 765 2357 914 2408; x_wconf 85' lang='lat' dir='ltr'>magnis</span> <span class='ocrx_word' id='word_1_205' title='bbox 952 2355 1197 2395; x_wconf 83' lang='lat' dir='ltr'>intermixtis.</span> <span class='ocrx_word' id='word_1_206' title='bbox 1255 2355 1381 2405; x_wconf 88' lang='lat' dir='ltr'>Saepe</span> <span class='ocrx_word' id='word_1_207' title='bbox 1424 2351 1620 2391; x_wconf 81' lang='lat' dir='ltr'>coloratae</span> 
     </span>
     <span class='ocr_line' id='line_1_30' title="bbox 284 2427 1620 2486; baseline -0.004 -15"><span class='ocrx_word' id='word_1_208' title='bbox 284 2437 376 2471; x_wconf 86' lang='lat' dir='ltr'>sunt</span> <span class='ocrx_word' id='word_1_209' title='bbox 404 2431 589 2481; x_wconf 87' lang='lat' dir='ltr'>cellulae,</span> <span class='ocrx_word' id='word_1_210' title='bbox 625 2434 674 2473; x_wconf 89' lang='lat' dir='ltr'>de</span> <span class='ocrx_word' id='word_1_211' title='bbox 703 2447 869 2486; x_wconf 88' lang='lat' dir='ltr'>quarum</span> <span class='ocrx_word' id='word_1_212' title='bbox 897 2432 1169 2473; x_wconf 89' lang='lat' dir='ltr'>distributione</span> <span class='ocrx_word' id='word_1_213' title='bbox 1206 2432 1276 2470; x_wconf 86' lang='lat' dir='ltr'>cfr.</span> <span class='ocrx_word' id='word_1_214' title='bbox 1305 2429 1339 2483; x_wconf 83' lang='lat'>§.</span> <span class='ocrx_word' id='word_1_215' title='bbox 1362 2427 1428 2468; x_wconf 86' lang='grc'>44.</span> <span class='ocrx_word' id='word_1_216' title='bbox 1485 2428 1530 2466; x_wconf 92' lang='lat' dir='ltr'>In</span> <span class='ocrx_word' id='word_1_217' title='bbox 1556 2439 1620 2465; x_wconf 89' lang='lat' dir='ltr'>su-</span> 
     </span>
     <span class='ocr_line' id='line_1_31' title="bbox 282 2503 1618 2561; baseline -0.004 -14"><span class='ocrx_word' id='word_1_218' title='bbox 282 2508 444 2561; x_wconf 89' lang='lat' dir='ltr'>perficie</span> <span class='ocrx_word' id='word_1_219' title='bbox 487 2509 656 2561; x_wconf 85' lang='lat' dir='ltr'>papillae</span> <span class='ocrx_word' id='word_1_220' title='bbox 689 2510 880 2557; x_wconf 89' lang='lat' dir='ltr'>eminent,</span> <span class='ocrx_word' id='word_1_221' title='bbox 930 2509 1034 2551; x_wconf 87' lang='lat' dir='ltr'>unde</span> <span class='ocrx_word' id='word_1_222' title='bbox 1075 2510 1180 2550; x_wconf 89' lang='lat' dir='ltr'>nitor</span> <span class='ocrx_word' id='word_1_223' title='bbox 1215 2506 1484 2547; x_wconf 87' lang='lat' dir='ltr'>holosericeus</span> <span class='ocrx_word' id='word_1_224' title='bbox 1527 2503 1618 2552; x_wconf 84' lang='lat' dir='ltr'>(cfr.</span> 
     </span>
    </p>
   </div>
   <div class='ocr_carea' id='block_1_6' title="bbox 282 2583 471 2638">
    <p class='ocr_par' dir='ltr' id='par_1_6' title="bbox 282 2583 471 2638">
     <span class='ocr_line' id='line_1_32' title="bbox 282 2583 471 2638; baseline 0 -14"><span class='ocrx_word' id='word_1_225' title='bbox 282 2583 317 2638; x_wconf 64' lang='grc' dir='ltr'>ς.</span> <span class='ocrx_word' id='word_1_226' title='bbox 347 2583 471 2636; x_wconf 68' lang='lat'><strong>125.)</strong></span> 
     </span>
    </p>
   </div>
  </div>
 </body>
</html>
