1682 2938
921 127 1003 167 222

407 235 553 274 Forma
578 233 671 287 styli
698 243 765 275 aut
784 241 889 277 teres
905 243 976 287 est,
1006 243 1074 277 aut
1101 239 1292 290 angulata,
1321 240 1447 278 rarius
1476 241 1631 280 dilatata
1674 266 1675 269 =

301 317 340 351 ct
367 312 599 363 petaloidea‚
629 317 672 351 ut
700 313 739 351 in
769 315 915 363 Canna,
943 316 1135 354 Maranta.

408 422 477 460 Est
504 426 707 473 aequatus,
738 424 912 473 ejusdem
941 425 1153 473 crassitiei,
1197 425 1434 464 incrassatus
1464 438 1496 466 s.
1526 426 1634 476 apice

299 502 531 546 attenuatus,
560 499 807 548 constrictus,
840 501 1045 540 annulatus
1073 506 1147 540 etc.

406 620 505 658 Cum
533 619 739 658 filamentis
769 625 836 659 aut
865 627 1017 662 erectus
1049 628 1109 662 est
1136 623 1263 674 stylus
1292 627 1358 661 aut
1382 624 1634 671 adscendens,

297 701 363 735 aut
391 696 616 744 declinatus,
645 697 780 745 rarius,
811 704 976 749 excepta
992 699 1277 747 secundatione,
1306 699 1498 738 diversam
1515 713 1537 738 a
1554 700 1635 738 fila-

297 772 436 812 mentis
465 773 719 812 directionem
747 774 872 813 habet.
930 775 1010 813 Aut
1039 775 1131 826 ipsis
1158 776 1316 826 longior
1343 782 1420 824 est,
1449 781 1516 815 aut
1545 778 1633 815 bre-

295 849 402 896 vior,
445 854 511 888 aut
546 850 730 901 aequalis,
788 850 866 890 Sed
903 851 1027 890 variat
1053 852 1280 903 longitudo,
1318 857 1362 891 ut
1391 853 1429 891 in
1462 853 1634 892 Primula

296 926 484 964 Auricula
512 939 675 965 cernere
703 927 804 966 licet.

404 1035 447 1072 ln
475 1035 626 1085 apicem
656 1036 838 1086 germinis
866 1037 985 1087 vulgo
1014 1038 1153 1076 transit
1180 1038 1263 1077 basi
1291 1038 1457 1086 dilatata,
1485 1039 1633 1077 incras-

296 1116 390 1159 sata,
419 1115 629 1160 attenuata,
647 1112 852 1164 aequabili,
882 1112 1098 1161 articulata,
1127 1127 1226 1165 quae
1243 1115 1357 1154 facile
1379 1115 1536 1163 secedit,
1565 1120 1632 1154 aut

295 1187 335 1225 in
364 1187 489 1227 latere
518 1188 744 1228 ovariorum
774 1189 965 1238 decurrit,
992 1194 1036 1228 ut
1064 1190 1105 1228 in
1131 1190 1248 1239 Rosa,
1278 1195 1343 1230 aut
1370 1191 1471 1230 inter
1499 1192 1632 1231 ovaria

293 1267 547 1316 receptaculo
573 1266 741 1305 insertus
771 1271 848 1315 est,
884 1272 928 1305 ut
954 1267 993 1304 in
1023 1267 1204 1306 Labiatis.
1261 1266 1547 1319 Gynophorum
1573 1269 1632 1307 ul-

293 1347 354 1380 tra
382 1342 515 1381 ovaria
544 1343 815 1392 continuatur,
845 1343 885 1382 in
915 1343 1087 1382 Geranio
1118 1350 1157 1383 et
1185 1344 1385 1391 affinibus3
1416 1345 1480 1384 cui
1508 1345 1631 1396 impo—

293 1418 391 1457 situs
421 1424 480 1458 est
507 1419 633 1470 stylus
662 1420 948 1472 quinquefidus.
1005 1421 1131 1471 Hujus
1159 1421 1250 1471 styli
1278 1422 1431 1461 canales
1460 1422 1630 1474 quinque

293 1496 519 1547 stigmatici,
562 1501 602 1535 at
636 1497 777 1548 repleti
813 1497 854 1535 in
887 1497 986 1536 alios
1022 1497 1194 1549 quinque
1238 1498 1393 1537 canales
1430 1503 1632 1537 transeunt

295 1586 426 1621 cavos,
455 1573 690 1624 gynophoro
718 1574 894 1622 adnatos,
924 1574 1083 1613 tandem
1114 1575 1283 1623 solutos,
1314 1575 1456 1614 caudas
1486 1565 1631 1615 consti-

291 1652 464 1697 tuentes,
494 1650 634 1702 quibus
664 1650 846 1701 capsulae
876 1651 1050 1689 adnexae
1082 1651 1389 1703 conspiciuntur.

399 1759 499 1798 Cum
528 1758 680 1798 corolla
709 1763 900 1798 connatus
927 1764 986 1798 est
1014 1759 1140 1810 stylus
1169 1760 1209 1798 in
1228 1761 1363 1799 Canna
1377 1766 1416 1799 et
1430 1761 1630 1806 Maranta;

291 1848 380 1873 cum
409 1835 636 1874 staminibus
664 1835 703 1873 in
731 1835 850 1875 variis
880 1848 912 1874 e.
943 1848 977 1887 g.
1006 1835 1195 1886 Stylidio,
1231 1836 1299 1874 ubi
1326 1838 1404 1876 duo
1432 1837 1630 1876 filamenta

290 1925 379 1950 cum
406 1912 508 1963 stylo
537 1912 769 1951 intermedio
800 1917 967 1951 connata
995 1917 1102 1958 sunt;
1141 1916 1223 1951 tum
1251 1911 1534 1961 Aristolochia,
1563 1913 1630 1951 ubi

289 1989 381 2040 styli
410 2003 481 2029 seu
496 1988 685 2041 stigmatis
709 1989 915 2028 incrassati
939 1989 1100 2040 paginae
1131 1989 1320 2028 exteriori
1347 1991 1509 2030 adnatae
1539 1995 1630 2029 sunt

289 2067 475 2108 anth'trae
504 2080 595 2112 sex3
626 2067 674 2105 de
704 2065 923 2114 Orchideis,
951 2064 1221 2116 Asclepiadeis
1249 2080 1285 2106 v.
1316 2067 1340 2105 i.

399 2176 492 2214 Post
518 2177 808 2215 florescentiam
837 2175 963 2226 stylus
992 2175 1223 2227 plerumque
1260 2175 1467 2214 marcescit
1503 2179 1542 2214 et
1570 2175 1627 2214 sic

286 2252 408 2303 perit,
450 2252 576 2291 rarius
606 2253 765 2302 decidit,
802 2253 996 2292 interdum
1034 2265 1129 2292 vero
1158 2253 1329 2304 persistit
1358 2257 1396 2291 et
1432 2251 1627 2292 excrescit

286 2333 330 2366 ut
358 2328 397 2366 in
426 2328 571 2379 Sinapi,
601 2329 687 2369 Geo
716 2344 754 2369 u.
784 2344 817 2368 a.
848 2343 898 2368 m.

394 2427 531 2488 Stylus
575 2438 770 2478 interdum
811 2438 1020 2490 glandulis,
1069 2451 1185 2490 saepe
1229 2438 1319 2490 pilis
1363 2437 1514 2476 obsitus
1557 2440 1625 2485 est,

283 2514 513 2566 praesertim
542 2526 723 2565 superne.
781 2516 825 2554 In
852 2515 1111 2566 Campanulis‚
1141 2515 1207 2554 ubi
1234 2513 1383 2566 polline
1411 2513 1625 2558 lateraliter
1665 2523 1668 2526 ’

284 2591 518 2630 adhaerente
549 2591 770 2629 fecundatio
799 2592 842 2630 fit
879 2592 970 2639 (cfr.
1002 2592 1194 2631 Cassini
1221 2593 1400 2642 Opusc.
1429 2589 1467 2629 2.
1496 2587 1622 2637 374.),
