1592 2924
839 652 912 694 Vl.

506 775 1245 849 Epidermatio.

183 955 310 1004 121.
380 957 686 1005 Stomatia
718 963 832 1006 sunt
864 963 974 1023 pori
1010 963 1058 1007 in
1079 959 1376 1024 epidermide
1401 960 1541 1025 plan-

395 1038 556 1080 tarum
590 1038 852 1097 conspicui.

197 1158 296 1241 Hi
322 1198 412 1249 pori
439 1211 511 1237 seu
540 1199 744 1250 foramina,
770 1200 1003 1253 plerumque
1025 1202 1187 1254 oblongi
1214 1207 1253 1242 et
1280 1202 1454 1254 elliptici,
1481 1215 1542 1241 ra-

197 1274 279 1313 rius
308 1275 552 1324 subrotundi,
580 1276 778 1316 rarissime
807 1278 1026 1328 angulares,
1056 1279 1096 1317 in
1126 1279 1365 1330 epidermide
1392 1279 1541 1330 planta—

196 1363 285 1389 rum
313 1350 498 1390 facillime
527 1352 828 1403 conspiciuntur
855 1367 929 1404 per
948 1355 1254 1406 microscopium
1270 1356 1541 1407 compositum,

196 1426 230 1466 si
258 1426 509 1478 epidermidis
545 1428 755 1468 frustulum
791 1430 1026 1479 detraxeris,
1072 1433 1142 1471 sed
1171 1445 1308 1471 eorum
1342 1436 1542 1471 structura

195 1503 424 1543 difficillime
453 1506 614 1546 eruitur.
672 1508 716 1545 In
744 1506 921 1557 partibus
949 1507 1139 1547 viridibus
1174 1508 1399 1560 plantarum
1426 1521 1539 1558 prae-

195 1579 310 1631 cipue
331 1580 595 1632 inveniuntur,
622 1583 662 1621 in
691 1583 854 1635 reliquis
884 1588 951 1623 aut
968 1585 1128 1624 omnino
1147 1585 1296 1634 desunt,
1326 1589 1396 1623 aut
1413 1576 1539 1623 rariu-

194 1669 259 1696 res
287 1662 512 1698 occurrunt.

302 1734 456 1773 Primus
501 1735 599 1774 vidit
642 1736 949 1788 Malpighius
994 1742 1033 1776 et
1075 1737 1164 1776 rudi
1206 1737 1321 1776 icone
1367 1737 1538 1776 exhibuit

191 1810 300 1860 (An.
330 1811 391 1862 pl.
421 1825 458 1862 p.
479 1811 544 1851 52.
577 1810 742 1863 f.109.).
809 1814 911 1852 Tum
947 1813 1178 1853 Grewius
1215 1814 1435 1853 accuratius
1472 1814 1539 1853 de-

191 1887 348 1937 scripsit
383 1892 421 1926 et
455 1888 636 1927 iconibus
673 1889 848 1929 exhibuit
888 1891 998 1940 (An.
1031 1891 1085 1930 of
1107 1890 1169 1941 pl.
1195 1905 1232 1941 p.
1262 1889 1353 1930 153.
1383 1895 1408 1930 t.
1437 1889 1535 1942 48.).

192 1963 494 2003 Guettardus
523 1967 569 2004 ad
599 1966 801 2016 glandulas
830 1967 984 2016 retulit,
1013 1971 1052 2005 et
1079 1966 1236 2018 quidem
1265 1967 1313 2006 ad
1341 1967 1536 2014 miliarias,

191 2053 287 2092 quas
314 2045 431 2080 vocat
473 2037 634 2092 (Mem.
663 2042 716 2081 de
746 2042 863 2082 l’Ac.
895 2044 930 2082 d.
961 2057 1020 2083 sc.
1052 2041 1170 2083 1745.
1200 2056 1237 2093 p.
1265 2042 1356 2082 377.
1386 2047 1410 2082 t.
1440 2042 1478 2082 6.
1510 2043 1534 2080 f.

188 2117 234 2155 B.
265 2116 334 2164 6.).
392 2118 502 2156 Hor.
532 2119 642 2157 Ben.
673 2119 730 2157 de
760 2119 1004 2158 Saussure
1031 2119 1182 2171 primus
1211 2119 1311 2158 bene
1330 2119 1537 2170 descripsit

189 2193 328 2242 (Obs.
358 2206 441 2232 sur
468 2190 691 2234 l'ecorce
721 2195 757 2235 d.
789 2195 994 2235 feuilles
1015 2196 1193 2235 Genev.
1224 2195 1343 2236 1760.
1374 2210 1413 2247 p.
1434 2195 1533 2246 21.)

187 2270 255 2309 De
285 2269 527 2309 Gleichen
568 2271 608 2310 in
636 2271 823 2311 Filicibus
853 2272 948 2311 vidit
985 2277 1024 2312 et
1049 2273 1232 2324 genitalia
1260 2273 1434 2312 mascula
1461 2286 1534 2324 pu-

187 2346 284 2386 tavit
309 2346 423 2395 (das
451 2346 669 2386 Neueste
698 2361 731 2386 a.
762 2348 797 2387 d.
827 2348 1007 2388 Reiche
1036 2350 1071 2389 d.
1103 2349 1191 2390 Pfl.
1231 2349 1382 2388 Niirnb.
1413 2347 1531 2388 1764.

185 2436 224 2474 p.
239 2421 304 2463 24.
334 2422 450 2472 30.).’
488 2422 582 2463 Non
616 2423 744 2462 minus
780 2426 1090 2476 Comparetti
1126 2426 1225 2466 vidit
1261 2430 1300 2465 et
1326 2424 1533 2477 descripsit

184 2499 371 2548 (Prodr.
401 2499 436 2537 d.
467 2499 592 2539 sisic.
620 2506 779 2551 veget.
812 2503 988 2543 Padov.
1017 2501 1136 2543 1791.
1165 2501 1293 2553 p.5.).
1349 2501 1532 2540 Hedwi-

185 2577 310 2626 gius,
341 2575 407 2628 qui
437 2575 584 2624 omnia,
614 2588 714 2627 quae
743 2581 833 2616 ante
863 2578 1001 2628 ipsum,
1031 2578 1208 2629 exceptis
1238 2568 1530 2618 Gleichenii
