1682 2938
923 175 1005 215 262

294 292 430 319 varum
458 280 683 331 persistunt,
713 284 1003 335 sporophorum
1033 285 1207 324 centrale
1235 298 1331 324 vero
1361 287 1515 325 tandem
1545 299 1632 325 cum

295 356 423 396 ovulis
453 358 651 397 evanescit
679 363 718 398 et
747 373 885 400 cavum
914 360 1108 413 relinquit.
1175 363 1370 413 Compara
1398 377 1497 415 quae
1524 363 1632 402 hisce

294 434 342 473 de
371 434 561 473 fructibus
590 435 688 475 dixit
724 437 838 488 Aug.
868 437 928 476 St.
958 438 1149 477 Hilaire
1187 435 1350 487 (Mem.
1382 440 1418 478 d.
1447 441 1565 479 Mus.
1594 440 1630 479 5.

294 509 387 550 304.
414 511 451 550 9.
483 511 607 559 19θ.).

403 653 505 693 Sunt
549 667 707 706 quoque
755 657 938 707 capsulae
985 658 1215 708 praesertim
1264 658 1487 709 elongatae,
1534 671 1633 710 quae

295 734 438 781 septa
466 730 608 769 habent
636 736 943 780 transversa,
973 733 1014 771 in
1041 733 1177 783 primis
1192 734 1387 785 legumina
1402 735 1630 787 etsiliquae.

293 807 364 846 Est
391 811 458 846 aut
488 807 716 847 constrictio
745 808 947 848 valvarum
985 810 1087 848 inter
1123 811 1288 856 semina,
1335 816 1401 849 aut
1429 814 1583 862 septum
1612 826 1632 850 e

293 884 597 935 parenchymate
623 884 738 934 laxo,
780 889 846 924 aut
879 899 1018 924 verum
1053 890 1209 936 septum
1244 887 1478 926 membranis
1514 901 1634 940 supra

294 959 474 1012 infraque
504 960 686 1000 cinctum.
743 961 896 1001 Poteris
926 961 1105 1012 capsulas
1134 975 1152 1000 s
1163 975 1183 1001 e
1192 976 1216 1013 p
1226 967 1326 1002 tata
1335 977 1353 1002 s
1390 977 1534 1004 vocare
1563 978 1634 1005 seu

295 1036 343 1075 lo
355 1050 376 1075 c
383 1037 433 1075 ul
444 1049 466 1074 a
475 1041 521 1075 ta
529 1049 559 1076 s.

402 1178 464 1218 Ab
493 1179 553 1218 his
581 1180 764 1219 differunt
801 1181 981 1232 capsulae
1020 1188 1415 1230 concameratam,
1467 1183 1636 1222 multilo-

295 1256 467 1305 culares,
509 1257 580 1295 sed
607 1256 723 1296 simul
759 1262 874 1309 septo
902 1265 1127 1297 transverso
1169 1259 1377 1307 discretae,
1414 1264 1458 1298 ut
1493 1259 1533 1298 in
1560 1260 1635 1299 Pu-

294 1332 394 1374 nica.
448 1333 518 1372 Est
547 1338 701 1384 septum
729 1335 930 1386 hypanthii
960 1336 1092 1386 potius
1122 1349 1238 1387 quam
1267 1336 1462 1386 capsulae.

404 1474 852 1528 Amphispermium
888 1480 1111 1519 vocaverim
1139 1479 1403 1530 pericarpium
1433 1481 1538 1531 quod
1565 1480 1636 1519 ini-

294 1553 350 1592 tio
385 1553 543 1605 quidem
578 1554 624 1592 ab
661 1553 929 1605 integumento
967 1557 1114 1595 extimo
1150 1556 1309 1594 seminis
1339 1555 1636 1606 diversumest,

294 1630 450 1669 demum
487 1642 584 1669 vero
621 1643 710 1668 cum
746 1631 832 1682 ipso
869 1633 1067 1672 coalescit.
1125 1634 1250 1682 Hujus
1286 1637 1363 1671 tres
1392 1633 1635 1673 distinxerim

295 1707 460 1757 species.
518 1705 650 1744 Primo
687 1707 779 1745 loco
808 1708 859 1746 sit
899 1709 1158 1747 seminium
1186 1709 1432 1758 Graminum,
1475 1711 1515 1749 in
1545 1725 1635 1763 quo,

295 1783 430 1822 adulto
459 1782 627 1831 semine,
655 1783 920 1834 pericarpium
947 1785 1221 1823 tenuissimum
1242 1781 1388 1832 evasit,
1423 1787 1476 1825 ita
1502 1792 1546 1826 ut
1570 1789 1636 1827 vix

297 1860 482 1913 distingui
508 1861 645 1912 possit.
702 1860 871 1899 Seminis
900 1860 1018 1911 igitur
1046 1862 1141 1900 nudi
1169 1861 1393 1912 exemplum
1422 1863 1461 1901 in
1485 1863 1637 1902 Grami-

296 1938 412 1978 nibus
447 1937 678 1989 praesertim
716 1937 887 1976 existere
924 1938 1127 1977 credidere
1163 1939 1360 1986 Botanici,
1400 1940 1527 1977 donec
1562 1941 1637 1978 Ri-

297 2016 509 2055 chardus
537 2014 687 2066 primus
712 2014 1177 2065 pericarpiumasemine
1206 2015 1436 2064 distinxerit,
1466 2022 1505 2056 et
1533 2019 1638 2056 fruc*

296 2097 360 2132 tus
388 2092 560 2143 speciem
590 2092 639 2130 ob
670 2091 976 2130 coalescentium
1014 2091 1224 2142 pericarpii
1254 2105 1341 2130 cum
1370 2093 1636 2144 integumento

298 2169 446 2208 extimo
485 2168 646 2208 seminis
682 2168 894 2219 caryopsin
941 2169 1146 2207 vocaverit
1195 2168 1441 2219 (Analyse
1478 2171 1514 2209 d.
1553 2184 1638 2209 em-

296 2246 481 2299 bryons
519 2245 822 2284 endorhizes
858 2245 973 2284 Ann.
1011 2246 1071 2284 du
1107 2246 1227 2284 Mus.
1255 2244 1318 2286 17.
1348 2246 1474 2294 223.)
1539 2247 1637 2285 Cum

295 2335 392 2362 vero
421 2323 623 2374 caryopsis
651 2321 942 2361 similitudinem
977 2323 1089 2361 nucis
1118 2322 1325 2373 significet,
1372 2323 1474 2361 hunc
1509 2324 1638 2362 termi-
1681 2343 1682 2347 =

297 2412 391 2438 num
420 2398 505 2438 aliis
534 2411 778 2438 reservarem
805 2399 1046 2450 pericarpiis.
1102 2400 1152 2438 Et
1182 2405 1241 2439 est
1271 2399 1486 2438 differentia
1514 2400 1554 2438 in
1576 2414 1636 2448 eo,
1680 2392 1682 2433 2

297 2476 405 2527 quod
431 2474 695 2527 pericarpium
731 2476 843 2515 initio
871 2481 931 2516 sat
964 2489 1136 2516 crassum
1175 2477 1243 2524 sit,
1287 2477 1444 2515 tandem
1473 2489 1568 2515 vero
1597 2477 1635 2514 in

294 2553 560 2592 membranam
595 2553 862 2592 tenuissimam
909 2557 1092 2592 transeat.
1163 2552 1299 2592 Altera
1345 2552 1634 2604 amphispermii
1679 2538 1681 2563 ³

299 2629 452 2680 species
482 2633 542 2668 est
571 2629 852 2679 caryopsis,
892 2629 932 2668 in
961 2643 1037 2681 qua
1066 2633 1215 2669 matura
1242 2630 1503 2680 pericarpium
1533 2641 1635 2668 cras-
