1592 2924
766 97 824 154 40

232 221 383 274 Strigas
419 222 515 263 olim
550 222 659 276 (Ed.
689 220 726 263 1.
755 221 873 273 240.)
917 225 1020 265 male
1059 235 1240 278 squamas
1275 234 1346 263 seu
1382 224 1465 275 epi—

123 298 274 351 phyllia
301 299 470 340 Filicum
493 303 644 341 vocavi.

125 453 231 501 129.
295 451 506 501 Aculei
541 457 658 500 sunt
696 456 1062 502 excrescentiae
1095 455 1322 514 eunicae,
1365 470 1465 500 non

318 557 493 601 cavae,
521 539 740 605 rigidae,
780 546 1082 606 pungentes,
1121 545 1171 589 in
1206 539 1466 605 superficie

317 633 526 677 externa
551 627 845 693 plantarum.

230 745 485 787 Linnaeus
521 745 703 786 aculeum
737 759 762 785 a
794 746 907 798 spina
941 746 1091 798 primus
1119 746 1312 795 distinxit,
1356 745 1468 785 illum

123 822 336 874 appellavit
363 835 596 863 mucronem
630 824 789 876 plantae
827 823 966 863 cortici
1003 827 1155 863 tantum
1182 824 1467 872 adhaerentem,

121 898 222 939 hanc
238 912 472 941 mucronem
492 914 514 941 e
530 901 640 953 ligno
652 901 810 953 plantae
825 905 1056 953 proti-usum
1084 900 1225 952 (Phil.
1255 901 1279 939 b
1290 904 1350 940 ot.
1367 898 1468 949 84),

121 980 162 1016 at
196 977 338 1017 multas
373 978 507 1029 spinas
542 979 592 1018 ad
627 979 787 1019 aculeos
823 977 968 1018 retulit.
1042 981 1170 1030 Quem
1212 990 1350 1018 omnes
1386 978 1470 1016 fere

122 1054 249 1093 secuti
275 1058 368 1094 sunt
395 1055 591 1094 Botanici.

229 1151 374 1192 Aculei
400 1154 487 1194 veri
515 1154 557 1193 in
582 1155 699 1204 Rosa,
727 1155 856 1205 Rubo,
884 1154 1106 1206 Erythrina,
1135 1152 1279 1192 Palmis
1308 1156 1383 1192 etc.
1411 1152 1469 1192 in-

120 1228 346 1270 veniuntur.
410 1230 560 1271 Forma
593 1232 724 1272 conici
752 1237 864 1282 sunt,
901 1231 987 1272 basi
1014 1231 1212 1271 interdum
1242 1242 1469 1281 compressa

121 1309 162 1345 et
189 1306 353 1348 dilatata
380 1312 425 1348 ut
451 1310 492 1348 in
519 1309 646 1357 Rosa;
703 1309 922 1349 directione
957 1308 1059 1349 recti
1093 1312 1161 1348 aut
1195 1308 1367 1358 incurvi,
1409 1320 1471 1347 re-

124 1384 248 1431 curvi,
276 1385 428 1434 falcati3
467 1386 605 1426 colore
629 1387 812 1438 juniores
840 1387 1033 1436 virentes,
1062 1385 1187 1426 adulti
1213 1385 1326 1425 fusci.

231 1483 426 1525 Constant
452 1485 582 1525 aculei
608 1486 694 1526 veri
716 1485 1017 1538 Dicotylearum
1045 1498 1078 1525 e.
1110 1498 1145 1536 g.
1175 1485 1306 1524 Rosae
1332 1497 1355 1524 e
1384 1496 1473 1524 cor-

120 1559 198 1599 tice
237 1561 387 1602 extimo
421 1575 492 1602 seu
529 1563 770 1615 epidermide
803 1563 956 1603 cellulis
991 1561 1375 1614 parenchymatosis,
1416 1561 1472 1600 la-

121 1637 332 1686 xiusculis;
366 1644 451 1679 tum
488 1654 510 1680 e
538 1640 641 1680 libro
674 1645 742 1680 aut
767 1641 901 1692 potius
930 1640 1097 1679 alburno
1127 1638 1279 1678 cellulis
1307 1651 1472 1690 prosen-

121 1715 364 1767 chymaticis,
393 1717 559 1765 strictis3
589 1718 748 1758 tandem
777 1731 799 1757 e
827 1717 999 1757 medulla
1018 1716 1170 1756 cellulis
1190 1716 1291 1755 laxis
1311 1716 1472 1768 elonga-

121 1793 172 1832 tis
199 1795 557 1847 parenchymaticis
586 1796 636 1834 ad
663 1794 1054 1847 prosenchymaticas
1071 1794 1361 1833 accedentibus.
1398 1793 1473 1833 Ea-

122 1870 214 1910 dem
243 1872 329 1911 fere
358 1878 418 1912 est
447 1873 683 1924 compositio
713 1872 843 1912 aculei
871 1873 1026 1912 Cocoes
1056 1871 1274 1920 aculeatae,
1307 1871 1379 1910 sed
1407 1871 1474 1910 de-

123 1954 184 1987 est
213 1948 425 2001 epidermis
442 1963 514 1990 seu
533 1954 670 1990 cortex
690 1951 869 1999 extimus,
898 1955 943 1990 ut
960 1949 1064 1990 solet
1078 1950 1119 1988 in
1132 1949 1355 1989 Palmarum
1383 1960 1475 1987 cau-

122 2024 287 2075 lomate‚
316 2027 420 2068 liber
447 2041 469 2067 e
497 2028 602 2068 vasis
631 2028 787 2068 fibrosis
817 2032 974 2068 constat
1003 2031 1042 2067 et
1068 2026 1243 2067 medulla
1271 2040 1293 2066 e
1322 2025 1475 2066 cellulis
1505 2019 1509 2022 ’

123 2105 494 2156 parenchymaticis,
523 2106 659 2158 quales
687 2105 728 2144 in
743 2104 1041 2157 Monocotyleis
1069 2103 1334 2144 inveniuntur.
1370 2104 1476 2143 Con-

123 2182 285 2222 veniunt
315 2183 448 2235 itaque
478 2183 608 2222 aculei
636 2196 726 2222 cum
754 2182 872 2223 ramis
903 2185 942 2222 et
959 2181 1147 2231 caulibus,
1176 2181 1314 2233 quales
1343 2181 1384 2220 in
1412 2194 1475 2220 or-

124 2258 215 2298 dine
244 2260 415 2299 naturali
444 2273 533 2301 esse
561 2260 709 2307 solent3
765 2261 877 2299 deest
905 2264 1038 2300 tamen
1064 2259 1227 2311 lignum,
1254 2271 1330 2298 nec
1357 2258 1475 2298 vesti-

124 2335 188 2387 gia
210 2348 396 2376 vasorum
425 2338 717 2390 spiroideorum
736 2338 890 2378 adsunt.
919 2338 965 2377 In
981 2337 1106 2388 spinis
1120 2335 1313 2376 Robiniae
1328 2335 1475 2375 Pseud-

126 2412 293 2463 acaciae,
322 2414 550 2455 Berberidis
579 2419 653 2455 etc.
682 2415 818 2467 utique
847 2415 1111 2466 reperiuntur.

237 2513 385 2565 Spinae
414 2514 505 2555 loca
533 2515 692 2554 definita
727 2515 768 2554 in
795 2515 943 2567 plantis
973 2518 1182 2567 occupant,
1211 2512 1339 2553 aculei
1366 2512 1476 2552 inde-

128 2591 254 2640 finita,
293 2592 468 2644 exceptis
506 2591 654 2632 aculeis
685 2591 979 2642 Grossulariae,
1011 2592 1079 2644 qui
1113 2595 1354 2631 structuram
1384 2601 1476 2629 acu-
