1682 2938
871 131 926 172 68

232 240 372 279 tralis
401 252 431 279 s.
462 240 686 279 centrica
713 240 748 278 si
777 240 1017 280 anthemium
1046 241 1250 280 terminale
1276 253 1359 281 non
1376 243 1492 283 altius
1510 249 1569 283 est

232 318 282 356 ob
316 329 447 357 ramos
480 316 664 356 laterales
699 317 884 369 utrinqne
926 317 1083 369 longius
1120 323 1415 368 excrescentes,
1456 322 1568 371 cujus

233 393 412 445 exempla
437 393 569 433 variae
599 393 963 445 Caryophyllaceae
1000 395 1203 445 praebent.
1262 396 1437 436 Tandem
1463 397 1569 436 infl.

233 470 427 510 centrif.
447 470 830 511 extraaxillaris
858 482 929 509 seu
956 472 1264 521 excentrica,
1282 473 1316 511 si
1332 474 1570 513 anthemium

230 547 432 586 terminale
460 560 542 587 non
568 547 682 587 altius
710 551 782 596 est,
809 547 860 586 ob
888 560 1039 586 ramum
1055 548 1258 588 lateralem
1281 553 1319 588 et
1347 550 1504 601 quidem
1531 551 1572 588 in

229 637 310 663 uno
337 624 462 663 latere
490 624 646 675 longius
664 627 970 673 excrescentem,
1000 626 1112 675 cujus
1135 625 1315 677 exempla
1337 626 1484 665 multae
1513 626 1572 665 of-

231 701 362 740 ferunt
390 701 685 749 Umhelliferae,
722 701 826 740 inter
853 713 950 752 quas
978 700 1089 740 Sium
1116 702 1355 742 nodiflorum
1382 702 1473 741 inde
1500 714 1572 741 no·

230 790 322 817 men
347 777 492 817 habuit.
548 778 618 816 Est
646 789 804 830 quoque
832 776 948 815 tertio
977 775 1069 815 loco
1104 777 1396 818 inflorescentia
1423 778 1574 817 mixta

230 855 437 894 anthemiis
464 854 602 893 mediis
630 858 720 893 ante
755 853 982 905 superiores
1018 857 1056 893 et
1087 854 1296 895 inferiores
1330 855 1572 903 florentibus,

234 945 335 984 quae
362 944 460 971 vero
490 931 531 970 in
559 930 778 984 thyrsodiis
806 930 1037 982 praesertim
1065 930 1272 970 invenitur.

338 1008 476 1047 Missis
491 1007 694 1046 anthemiis
710 1008 759 1046 ad
773 1006 977 1057 thyrsodia
994 1006 1214 1056 transimus,
1237 1020 1337 1060 quae
1358 1007 1573 1046 anthemio-

229 1099 318 1124 rum
345 1083 680 1124 inflorescentiam
708 1082 931 1133 generalem
958 1082 999 1121 in
1026 1083 1143 1122 ramis
1170 1083 1220 1122 ad
1244 1083 1572 1124 inflorescentiam

231 1160 445 1212 specialem
473 1160 514 1199 in
542 1159 776 1211 pedunculis
806 1157 1060 1210 restringunt.

339 1237 674 1288 Thyrsodium
709 1236 879 1275 efficitur
915 1235 1080 1275 fioribus
1114 1236 1155 1275 in
1182 1236 1322 1276 eodem
1347 1236 1572 1287 pedunculo

231 1314 440 1366 appositis,
479 1314 546 1365 qui
578 1326 738 1366 quoque
767 1312 1097 1351 inflorescentiam
1126 1316 1194 1352 aut
1224 1312 1479 1364 centripetam
1506 1317 1574 1351 aut

232 1392 489 1442 centrifugam
517 1393 584 1428 aut
611 1389 772 1428 mixtam
799 1388 952 1428 sistunt.

339 1465 733 1506 Inflorescentia
769 1465 1055 1516 centripeta
1089 1466 1258 1515 dicatur,
1301 1465 1336 1505 si
1377 1466 1497 1505 flores
1533 1465 1574 1504 in

230 1548 317 1584 toto
345 1542 572 1595 pedunculo
607 1546 675 1581 aut
711 1546 901 1582 ramastro
931 1542 1107 1592 ejusdem
1141 1542 1475 1593 gemmificationis
1502 1554 1574 1581 seu

229 1620 464 1673 prolepseos
493 1623 601 1667 sunt,
638 1619 662 1658 i.
692 1632 727 1658 e.
756 1619 790 1658 si
817 1619 1025 1659 inferiores
1055 1622 1093 1657 et
1121 1619 1338 1658 exteriores
1366 1619 1475 1670 prius
1502 1619 1573 1657 flo-

231 1702 319 1737 rent
353 1709 400 1736 ac
436 1696 664 1747 superiores
701 1700 739 1735 et
774 1696 994 1736 interiores.
1065 1695 1190 1745 Hujus
1226 1695 1354 1735 varias
1389 1695 1574 1734 habemus

233 1774 407 1825 species:
435 1772 583 1823 Spica
610 1773 656 1812 fit
678 1773 785 1811 rachi
800 1773 992 1824 elongata,
1019 1772 1222 1822 pedicellis
1246 1772 1365 1811 nullis
1394 1775 1462 1811 aut
1486 1772 1575 1811 bre-

230 1850 413 1890 vissimis.
470 1849 540 1889 Est
569 1849 766 1888 interdum
793 1861 958 1898 ramosa,
993 1848 1088 1900 quin
1114 1849 1388 1888 ramosissima.
1443 1848 1487 1887 Si
1512 1862 1574 1888 ra-

232 1927 314 1967 chis
341 1926 582 1975 brevissima,
616 1926 726 1978 spica
753 1926 794 1964 in
822 1925 1099 1976 capitulum
1127 1926 1278 1965 transit.
1334 1926 1573 1965 Racemus

230 2004 275 2043 fit
303 2003 412 2043 rachi
439 2003 641 2054 elongata,
680 2002 884 2054 pedicellis
912 2002 959 2040 ab
989 2001 1242 2042 inferioribus
1269 2001 1319 2041 ad
1347 2001 1573 2052 superiores

230 2081 377 2120 sensim
405 2080 736 2119 decrescentibus.
791 2079 863 2118 Est
881 2091 1037 2131 quoque
1051 2079 1243 2118 interdum
1260 2090 1450 2127 ramosus,
1479 2077 1573 2129 quin

231 2156 532 2196 ramosissimus.
588 2157 639 2196 Hi
659 2156 807 2196 racemi
824 2155 981 2205 ramosi,
1009 2154 1242 2207 praesertim
1269 2167 1366 2194 vero
1393 2154 1573 2193 ramosis-

230 2234 318 2273 simi
346 2247 369 2272 a
396 2233 579 2284 panicula
615 2234 803 2285 thyrsove
839 2232 1024 2283 distingui
1059 2245 1140 2271 non
1176 2235 1359 2282 possent,
1400 2230 1477 2269 nisi
1511 2242 1573 2270 re-

231 2314 371 2362 spectu
406 2310 539 2349 habito
576 2311 626 2349 ad
660 2309 990 2350 inflorescentiam
1027 2308 1285 2359 centripetam
1319 2312 1360 2347 et
1387 2306 1572 2347 centrifu—

230 2401 329 2439 gam.
386 2386 506 2437 Spica
528 2390 573 2444 ‘et
599 2399 779 2427 racemus
806 2388 924 2426 flores
951 2387 1094 2426 habent
1122 2388 1188 2425 aut
1204 2384 1377 2424 alternos
1406 2387 1473 2422 aut
1501 2396 1570 2435 op-

228 2463 383 2515 positos
412 2466 479 2501 aut
506 2462 773 2502 verticillatos.
826 2464 1102 2517 Corymbus
1138 2466 1198 2501 est
1224 2472 1404 2500 racemus
1433 2460 1570 2501 abbref

227 2540 369 2590 viatus,
401 2538 605 2590 pedicellis
634 2539 764 2578 subito
793 2540 1109 2580 decrescentibus
1138 2539 1191 2578 ita
1217 2542 1261 2577 ut
1287 2538 1406 2577 flores
1434 2536 1475 2575 in
1501 2547 1569 2575 eo-

229 2616 318 2655 dem
347 2617 429 2656 fere
456 2615 576 2666 plano
613 2614 733 2667 positi
770 2616 858 2656 sint.
916 2615 1140 2656 Umbella
1174 2621 1233 2654 est
1261 2613 1478 2667 corymbus
1506 2624 1566 2651 ra-
