1592 2924
851 91 892 158 4„

196 228 333 286 paucis
362 225 722 275 observationibus,
758 227 832 272 hac
858 228 906 266 de
935 240 979 267 re
1008 228 1155 278 scripta
1183 233 1293 277 sunt,
1336 226 1539 280 ignoravit,

198 317 346 356 organa
391 303 680 356 evaporationis
725 316 809 343 esse
851 304 1001 355 putavit
1044 305 1204 344 uberius
1251 306 1460 357 descripsit
1504 310 1543 346 et

197 394 321 432 poros
339 381 496 421 vocavit
524 381 745 430 (Samml.
774 381 940 420 seiner
969 385 1291 422 zerstreuten
1308 381 1543 423 Abhandl.

196 473 234 510 p.
252 457 376 508 116.).
434 459 535 497 Tum
562 472 586 497 a
612 457 746 497 multis
773 456 1015 497 Auctoribus
1051 459 1259 499 observata
1301 464 1404 500 sunt.
1461 461 1545 499 Pri-

196 548 284 575 mus
312 539 519 574 accuratus
548 536 595 574 de
624 535 684 574 his
713 534 880 574 instituit
908 535 1205 575 observationes
1241 540 1280 575 et
1307 537 1432 577 bonas
1461 537 1546 575 ico-

196 625 267 652 nes
297 612 403 651 dedit
430 613 719 652 Krockerus
748 611 896 661 (Diss.
927 612 982 651 de
1010 612 1069 663 pl.
1100 613 1419 664 epidermide.
1455 614 1542 653 Hal.

199 688 340 738 1800.)
378 703 495 741 quem
538 693 629 740 post
665 688 822 740 triginta
860 692 940 727 tres
976 702 1102 728 annos
1138 694 1298 729 secutus
1345 694 1404 729 est
1438 690 1542 729 filius

199 766 383 805 Herrm.
418 767 700 805 Krockerus
737 765 778 803 in
814 765 942 804 Diss.
980 766 1037 805 de
1075 765 1135 817 pl.
1171 767 1294 817 epid.
1330 766 1540 807 Vratislav.

202 842 320 883 1833.
351 844 563 895 praecipue
592 843 643 882 ob
673 822 828 893 copiam
857 842 1180 882 observationum
1207 843 1412 882 laudanda.
1454 843 1544 882 Plu-

200 920 320 959 rimas
348 932 492 972 easque
519 920 688 958 maxime
716 922 921 957 accuratas
940 919 1237 959 observationes
1258 920 1366 959 hisce
1397 921 1445 959 de
1472 933 1543 971 po-

199 997 254 1035 ris
284 997 441 1035 tradidit
468 995 784 1047 Rudolphius
815 994 972 1044 (Anat.
1003 997 1039 1035 d.
1067 997 1252 1036 Pflanz.
1281 996 1543 1050 §.51—73.)

198 1073 431 1124 praesertim
474 1074 522 1112 de
565 1072 708 1123 plantis
745 1076 783 1111 et
818 1072 1012 1123 partibus,
1054 1086 1155 1125 quac
1196 1073 1292 1124 ipsis
1328 1074 1543 1113 instructae

200 1154 301 1189 sunt.
357 1150 403 1188 In
439 1153 678 1189 structuram
710 1150 923 1201 praecipue
951 1149 1152 1202 inquisivit
1184 1151 1496 1190 Moldenhaw
1506 1164 1545 1189 e-

200 1239 286 1266 rus
340 1226 520 1275 (Beitr.
554 1241 592 1278 p.
615 1226 671 1266 94
702 1251 753 1257 —
778 1225 892 1275 107.)
949 1226 1243 1266 observationes
1286 1227 1544 1266 confirmante

200 1303 478 1344 Trevirano
529 1303 716 1353 (Verm.
760 1305 1019 1344 Schriften
1053 1303 1091 1343 4.
1129 1303 1215 1352 94.)
1245 1308 1283 1343 et
1317 1304 1544 1355 nuperrime

197 1380 442 1431 (Physiol.
481 1378 520 1434 ἕ.
557 1380 650 1420 276.
686 1380 817 1429 277.)
902 1380 1002 1419 Cum
1037 1384 1236 1420 structura
1279 1381 1467 1420 foliorum
1510 1385 1548 1421 et

201 1459 382 1497 stomatia
410 1457 647 1497 examinavit
672 1458 1039 1509 Brongniartus
1067 1457 1171 1507 (An.
1202 1458 1238 1499 d.
1268 1470 1327 1499 sc.
1356 1462 1449 1497 nat.
1478 1457 1544 1498 21.

199 1534 326 1582 420.).
385 1533 578 1574 Accurate
615 1547 773 1586 quoque
809 1535 857 1574 de
885 1536 1190 1574 Proteacearum
1227 1535 1420 1574 stomatiis
1449 1534 1547 1582 scri-

200 1611 279 1662 psit
314 1612 449 1661 Hugo
479 1611 701 1650 Mohlius
739 1611 809 1662 (N.
839 1611 945 1650 Act.
975 1611 1120 1651 Acad.
1148 1611 1253 1650 Net.
1284 1612 1386 1650 Car.
1416 1609 1479 1652 16.
1507 1612 1545 1651 2.

201 1688 332 1737 790.),
373 1701 449 1727 nec
485 1688 724 1727 omittendus
771 1693 831 1728 est
874 1689 1125 1742 Erancisc.
1167 1690 1387 1739 Ungerus
1428 1689 1547 1738 (Die

200 1764 501 1804 Exantheme
531 1766 566 1803 d.
597 1765 838 1805 Pflanzen
866 1766 1037 1806 Vindob.
1067 1765 1185 1805 1833.
1215 1764 1253 1818 ἓ.
1275 1764 1364 1815 21.)
1400 1765 1466 1818 qui
1495 1766 1545 1805 ob

201 1841 438 1892 singularem
464 1842 711 1893 hypothesin,
740 1843 882 1883 multas
913 1843 1061 1882 addidit
1089 1843 1400 1883 observationes.
1429 1843 1547 1895 Equi-

202 1918 290 1957 dem
319 1918 413 1957 olim
442 1919 627 1958 stomatia
655 1918 875 1969 (Grundl.
897 1934 935 1971 p.
949 1918 1062 1968 105.)
1089 1921 1240 1969 vocavi,
1269 1923 1411 1971 postea
1438 1919 1545 1971 glau-

201 1995 312 2034 dulas
342 2001 528 2035 cutaneas
557 1996 731 2044 (Elem
761 1997 833 2036 Ph.
864 1997 960 2036 bot.
991 1998 1058 2036 ed.
1090 1996 1127 2036 1.
1155 1995 1340 2050 §.134.;)
1378 1996 1545 2035 alterum

202 2084 348 2111 nomen
375 2072 519 2122 prioris
550 2073 775 2134 explicatio.

312 2150 431 2200 Quod
459 2150 626 2188 formam
654 2150 809 2198 attinet,
845 2150 976 2189 variae
1013 2162 1171 2201 quoquc
1206 2153 1298 2188 sunt
1325 2138 1546 2189 Auctorum

202 2225 421 2276 opiniones,
479 2226 796 2275 Saussurius,
826 2227 1107 2277 Hedwigius
1138 2230 1177 2265 et
1205 2231 1295 2266 ante
1324 2227 1547 2267 Molden-

202 2302 446 2340 hawerum
480 2303 563 2342 fere
604 2316 739 2343 omnes
775 2304 934 2343 fissuras
971 2303 1183 2342 credebant
1212 2304 1253 2342 in
1283 2304 1426 2343 cellula
1454 2315 1546 2343 exa-

204 2381 309 2418 ratas
339 2391 410 2417 seu
438 2379 595 2418 fissuras
623 2380 873 2420 membranae
904 2381 1137 2420 cellularum
1166 2380 1394 2432 superioris.
1444 2381 1545 2419 Tum

203 2446 644 2495 Moldenhawerus
689 2469 776 2496 esse
819 2470 936 2496 veros
980 2470 1102 2509 poros
1154 2456 1388 2505 adfirmavit,
1444 2457 1547 2496 inter

204 2530 367 2570 cellulas
396 2522 491 2571 duas
518 2533 703 2584 pluresve
733 2533 896 2584 positos,
925 2534 975 2572 ad
1000 2534 1190 2573 interiora
1212 2534 1409 2582 ducentes,
1439 2533 1546 2585 quod

205 2607 505 2648 Treviranus
536 2609 791 2649 confirmavit.
848 2610 1064 2649 Neesius
1098 2622 1229 2649 aream
1267 2609 1397 2658 istam,
1444 2622 1545 2661 qnae
