1592 2924
819 111 847 151 8

164 219 222 272 (p.
231 217 317 271 75.)
329 220 363 257 T
373 232 393 258 r
401 231 422 259 e
431 232 456 259 v
465 220 571 259 iran
579 232 632 259 us
649 221 782 261 refert.
801 221 948 261 Nescio
959 221 1159 274 quomodo
1170 221 1315 260 factum
1326 221 1386 271 sit,
1396 223 1503 274 quod

163 296 368 336 materiam
382 296 496 336 istam
516 309 740 349 grumosam
759 298 799 337 in
815 299 1006 339 stomatiis
1022 297 1219 338 Auctores
1244 298 1502 350 neglexerint,

166 385 267 424 quae
294 376 435 422 tamen,
462 373 539 413 nisi
566 374 607 413 in
635 375 814 414 omnibus
843 375 1033 415 stomatiis
1056 379 1226 415 attamen
1253 376 1295 414 in
1323 376 1503 415 omnibus

165 448 270 488 foliis
297 449 418 489 adest.
474 451 667 503 Equidem
695 452 791 491 olim
818 453 1083 492 membranam
1110 465 1196 492 esse
1223 452 1405 503 plicatam
1431 466 1503 504 pu-

164 525 245 565 tavi
273 525 501 576 (Grundl.
532 526 641 577 107.)
678 534 762 568 tum
789 543 886 569 vero
914 530 1116 569 materiam
1151 542 1375 580 grumosam
1405 542 1503 578 esse,

162 601 245 642 vidi
270 602 359 652 (Na
370 604 484 646 chtr,
511 604 537 643 l.
568 605 633 655 c.).
689 591 891 645 Interdum
906 607 1170 646 membranam
1191 606 1282 655 vidi,
1310 605 1452 644 utiNe
1464 619 1504 644 e-

165 678 268 718 sius
295 680 398 729 vult,
435 681 505 720 sed
534 694 621 721 esse
649 683 914 722 membranam
944 683 1110 723 cellulae
1139 684 1188 722 ad
1216 696 1346 722 aream
1374 682 1504 721 laxam

163 767 270 795 nunc
299 756 542 796 crediderim.

271 855 449 896 Cellulae
479 869 610 896 aream
636 857 751 896 istam
778 858 952 897 stomatii
978 858 1224 898 includentes
1258 858 1421 897 materia
1447 858 1505 897 vi-

161 931 238 971 ridi
265 944 338 971 seu
365 932 641 985 chlorophyllo
669 934 847 985 repletae
878 935 1193 987 conspiciuntur,
1229 935 1356 973 rarius
1384 938 1501 983 totae,

161 1009 318 1060 saepius
345 1010 476 1049 medio
494 1014 655 1059 tantum,
683 1023 766 1049 non
785 1023 877 1050 raro
890 1012 1096 1052 levissime.
1153 1012 1202 1050 Et
1228 1011 1373 1050 virides
1401 1015 1503 1058 sunt,

162 1097 397 1137 quamquam
441 1086 608 1125 cellulae
654 1087 955 1139 circumpositae
1006 1101 1144 1127 omnes
1187 1087 1351 1127 materia
1385 1088 1504 1126 rubra

161 1161 307 1201 tinctae
335 1162 491 1202 fuerint.

270 1256 607 1308 Frequentissima
635 1262 726 1297 sunt
754 1257 937 1297 stomatia
965 1259 1007 1297 in
1035 1257 1151 1305 foliis,
1185 1268 1302 1307 saepe
1331 1257 1371 1295 in
1398 1259 1503 1294 utra-

161 1346 238 1385 que
264 1334 406 1384 pagina
435 1338 474 1373 et
501 1334 659 1386 quidem
687 1335 823 1374 eadem
852 1335 935 1373 fere
963 1334 1077 1384 copia
1100 1333 1334 1384 praesertim
1362 1333 1402 1371 in
1415 1333 1506 1372 Mo-

159 1409 384 1461 nocotyleis
420 1411 678 1462 angustifoliis
714 1424 746 1450 e.
776 1423 811 1462 g.
850 1410 1120 1459 Graminibus,
1165 1410 1344 1458 Junceis,
1389 1409 1505 1448 Lilia-

165 1485 265 1534 ceis,
300 1486 444 1525 Palmis
474 1491 546 1527 etc.
575 1501 649 1528 nec
677 1501 759 1527 non
786 1488 827 1526 in
855 1487 1076 1539 Dicotyleis
1106 1485 1365 1537 angustifoliis
1390 1498 1505 1536 prae-

161 1561 299 1601 sertim
325 1563 575 1613 australasiiS‚
604 1565 674 1604 sed
703 1578 860 1617 quoque
890 1565 930 1603 in
959 1565 1055 1614 aliis,
1083 1563 1258 1602 latifoliis
1287 1576 1320 1601 e.
1349 1575 1384 1613 g.
1405 1563 1505 1601 Beta

165 1639 287 1679 Gicla.
363 1640 557 1692 Superior
607 1641 750 1692 pagina
799 1642 846 1681 iis
897 1645 1019 1681 caret:
1076 1640 1116 1679 in
1156 1639 1261 1678 foliis
1315 1639 1505 1678 coriaceis

160 1716 361 1770 (exceptis
385 1716 632 1767 linearibus),
659 1718 700 1756 in
729 1719 962 1770 quibusdam
990 1716 1229 1756 succulentis
1258 1715 1364 1763 (exc.
1380 1717 1506 1767 Pepe-

163 1794 291 1834 romia
319 1794 442 1844 'etc.)‚
478 1795 519 1834 in
547 1795 754 1835 arboribus
793 1800 833 1835 et
865 1794 1072 1834 fruticibus
1110 1794 1215 1843 (exc.
1243 1792 1405 1840 Palmis,
1433 1792 1506 1843 Sy-

161 1870 304 1922 ringa),
333 1871 593 1922 Cyperoideis
621 1872 717 1921 (etc.
746 1873 889 1923 Scirpo
918 1870 1156 1919 maritimo),
1187 1868 1394 1908 Orchideis
1422 1868 1506 1919 ple-

161 1948 307 2000 risque,
337 1949 513 2000 Cycade‚
541 1949 731 1988 Filicibus
761 1948 935 2002 aliisque.
993 1948 1183 1999 Superior
1210 1946 1352 1997 pagina
1379 1946 1505 1985 mino-

165 2038 251 2064 rem
280 2025 436 2076 copiam
463 2025 596 2065 habet:
625 2026 666 2064 in
678 2025 829 2075 Anana,
857 2026 1086 2073 Dictamno,
1105 2020 1369 2062 Hemerocalli
1397 2022 1505 2062 fulva

164 2106 238 2141 etc.
291 2101 436 2140 Rarius
462 2103 655 2153 majorem
689 2104 844 2155 copiam
871 2103 1005 2150 habet,
1041 2104 1086 2139 ut
1121 2100 1162 2138 in
1189 2099 1361 2138 Primula
1389 2098 1506 2137 Auri-

164 2178 263 2218 cula.
318 2179 365 2217 In
392 2178 498 2217 foliis
535 2180 771 2231 resupinatis
805 2179 948 2231 pagina
982 2176 1166 2228 superior
1201 2186 1339 2215 versus
1375 2174 1506 2214 solum

163 2267 279 2296 versa
304 2254 474 2306 plurima
502 2255 619 2295 habet
647 2257 837 2306 stomatia,
864 2258 1051 2295 monente
1078 2252 1316 2303 Rudolphio.
1354 2251 1504 2290 Multas

162 2344 260 2373 vero
299 2331 556 2383 exceptiones
603 2332 809 2372 admittere
854 2333 970 2372 hasce
1014 2330 1172 2382 regulas
1218 2343 1239 2368 e
1282 2328 1401 2367 modo
1447 2328 1504 2366 di-

165 2410 238 2449 ctis
278 2412 396 2460 patet.
466 2409 672 2449 Uberrime
708 2410 758 2448 de
793 2410 867 2449 hac
900 2422 944 2448 re
980 2407 1156 2461 loquitur
1190 2404 1502 2455 Rudolphius

165 2485 200 2540 g.
214 2485 269 2527 56
282 2508 333 2517 -
341 2484 440 2535 59.)-

271 2580 372 2620 Gum
401 2591 538 2619 omnes
566 2577 652 2618 folii
685 2581 817 2630 partes
846 2578 929 2628 jam
965 2591 988 2617 a
1015 2576 1144 2629 primo
1185 2577 1327 2615 exortu
1364 2573 1501 2622 adsint,
