1592 2924
786 140 842 181 38

143 248 274 287 tunica
310 248 453 289 villosa
487 251 763 290 intestinorum
806 263 887 290 non
922 251 1021 290 bene
1068 251 1318 302 comparavit.
1386 251 1487 290 Tum

142 324 455 377 Rudolphius
480 324 632 380 'organa
659 327 840 379 neglecta
868 327 1011 367 iterum
1047 327 1196 366 detexit
1236 327 1484 377 (Bemerk.

143 413 178 440 a.
209 401 244 440 d.
275 402 391 443 Geb.
429 404 466 444 d.
495 403 819 455 Naturgesch.
858 405 942 444 auf
975 418 1008 443 e.
1037 405 1180 445 Reise
1209 403 1327 444 1805.
1371 404 1416 443 T.
1446 403 1485 445 2.

142 491 182 530 p.
198 477 264 519 99.
293 478 433 520 Anat.
463 482 499 520 d.
529 482 617 521 Pfl.
645 479 790 533 p.116.
820 487 847 521 t.
875 481 912 521 2.
942 482 968 521 f.
997 480 1220 531 12—14.).
1277 481 1339 520 Ab
1368 480 1490 520 Ami-

143 554 221 594 cio
257 555 403 607 (Anu.
442 559 478 597 d.
514 571 575 598 sc.
612 562 704 598 nat.
735 559 779 598 T.
796 558 834 599 2.
862 572 900 609 p.
918 557 1012 599 237.
1042 563 1068 598 t.
1083 557 1147 598 11.
1175 559 1202 598 f.
1220 558 1280 609 3.)
1318 558 1386 610 qui
1409 557 1490 609 pri-

141 643 229 671 mus
256 633 402 674 vidisse
419 639 532 687 putat
548 640 587 675 et
601 636 813 687 Meyeno
842 635 1053 686 (Phytot.
1067 634 1160 676 201.
1179 640 1206 676 t.
1222 635 1260 676 4.
1278 636 1303 675 f.
1322 633 1491 683 1—13.)

143 707 244 749 bene
271 710 458 763 descripti
487 715 595 761 sunt,
630 713 701 752 sed
734 712 886 752 crificia
914 711 955 751 in
983 711 1158 763 apicibus
1190 712 1490 752 verrucularum

145 785 354 837 scabritiei‚
383 801 484 841 quae
513 787 690 828 Amicius
718 789 876 839 indicat,
906 800 988 829 non
1016 788 1108 828 vidi.
1147 789 1192 827 In
1220 787 1491 840 Myriophyllo

145 862 294 904 similes
318 865 423 917 pilos
456 866 527 906 sed
554 866 759 906 breviores
786 865 1052 905 Mirbelius
1083 866 1233 905 detexit
1267 866 1338 904 cfr.
1367 864 1491 904 Ami-

147 940 272 980 cium
299 941 325 981 l.
357 955 390 981 c.

149 1093 255 1140 128.
325 1093 583 1157 Strigae
623 1098 738 1140 sunt
776 1096 1142 1148 exorescentiae
1183 1098 1355 1141 tenues
1392 1110 1491 1141 non
1541 1086 1549 1093 ’

342 1198 510 1243 cavae,
539 1198 630 1229 nec
662 1185 941 1246 pungentes
979 1183 1028 1228 in
1063 1180 1320 1244 superficie
1351 1179 1492 1245 plan-

343 1273 505 1318 tarum
539 1275 748 1318 externa
776 1271 980 1332 positae.

258 1390 458 1442 Strigae
492 1404 516 1430 a
550 1390 642 1442 pilis
686 1389 888 1439 differunt,
937 1391 1045 1443 quod
1080 1405 1103 1430 e
1130 1389 1310 1442 pluribus
1339 1390 1493 1430 cellulis

142 1469 260 1519 juxta
286 1468 425 1520 positis
453 1468 700 1519 compositae
736 1467 833 1517 sint,
869 1480 943 1507 nec
982 1480 1033 1506 ex
1059 1480 1139 1506 una
1175 1467 1408 1507 cellularum
1434 1481 1495 1508 se-

151 1545 222 1585 rie.
277 1545 313 1585 A
342 1546 462 1586 radiis
497 1545 637 1597 pappi,
674 1544 739 1584 cui
774 1548 974 1584 structura
999 1544 1114 1584 valde
1149 1543 1315 1592 similes,
1349 1543 1495 1583 disere-

149 1627 245 1674 pant
270 1622 364 1663 loco
391 1635 475 1662 non
503 1622 678 1662 definito.
735 1621 871 1661 Minus
885 1622 1101 1673 rigiescunt
1128 1633 1245 1673 quam
1272 1620 1418 1668 aculei3
1447 1621 1496 1661 ad

148 1699 259 1751 ipsos
287 1704 418 1740 tamen
445 1700 583 1753 utique
607 1703 825 1739 transeunt.
1516 1752 1518 1755 .

259 1776 321 1816 Ab
336 1778 579 1818 Auctoribus
598 1791 688 1818 cum
714 1777 807 1829 pilis
836 1775 992 1816 confusi
1019 1779 1121 1824 sunt,
1149 1775 1383 1826 praesertim
1394 1774 1495 1815 mol-

150 1854 272 1895 liores
301 1860 342 1895 et
373 1855 533 1896 debiles.

261 1933 405 1972 Rarius
433 1932 583 1972 debiles
611 1931 882 1979 inveniuntur,
909 1930 969 1970 uti
996 1929 1077 1981 pili,
1114 1944 1148 1969 e.
1178 1942 1215 1981 g.
1245 1929 1285 1968 in
1313 1928 1497 1968 Hieracio

151 2008 350 2060 Pilosella‚
380 2010 539 2062 saepius
567 2009 788 2061 rigidiores,
820 2007 916 2061 quin
940 2005 1210 2059 rigidissimae,
1239 2020 1275 2047 e.
1289 2019 1324 2057 g.
1354 2008 1395 2045 in
1419 2005 1500 2044 fru-

151 2086 279 2126 ctibus
313 2087 512 2127 variarum
546 2087 780 2139 plantarum.
843 2085 992 2124 Forma
1026 2084 1119 2135 ipsis
1162 2083 1397 2135 plerumque
1434 2094 1501 2122 co-

151 2163 253 2213 nica,
281 2164 479 2205 interdum
507 2164 666 2204 dilatata
694 2162 745 2203 ob
775 2160 1114 2213 compressionem
1130 2160 1170 2199 in
1186 2160 1382 2199 achaeniis
1398 2160 1501 2199 Gau-

154 2240 335 2282 calidum.
408 2242 618 2295 Simplices
647 2244 758 2291 sunt,
787 2243 855 2279 aut
883 2239 1060 2278 furcatae
1090 2242 1131 2277 et
1158 2237 1345 2289 partitae,
1381 2240 1425 2275 ut
1459 2236 1500 2275 in

153 2318 348 2370 Apargiis.
405 2319 619 2359 Rarissime
646 2318 800 2359 laevem
827 2316 971 2356 habent
999 2314 1267 2368 superficiem,
1303 2313 1500 2353 interdum

155 2396 498 2436 denticulatae
529 2395 846 2447 conspiciuntur,
874 2392 1083 2433 denticulis
1110 2396 1336 2431 anti-orsum
1362 2389 1500 2439 versis,

154 2474 386 2526 saepissime
412 2471 731 2526 gloehideae,
767 2470 976 2512 denticulis
1003 2469 1138 2521 rigidis
1167 2472 1385 2508 retrorsum
1412 2480 1501 2506 ver-

155 2551 228 2600 sis,
265 2555 344 2591 tam
371 2552 413 2591 in
450 2552 562 2603 apice
599 2564 716 2604 quam
745 2551 926 2590 decursu.
981 2547 1135 2588 Natura
1162 2558 1235 2585 sua
1264 2545 1314 2584 ad
1339 2543 1499 2585 aculeos

154 2628 359 2669 accedunt.
