1682 2938
922 148 1005 190 272

301 256 371 294 ris
399 255 604 296 dehiscunt
631 256 832 308 capsulae,
878 259 911 297 si
944 258 1081 298 valvae
1111 259 1393 300 contrahuntur
1419 262 1631 303 secundum

301 333 582 384 longitudinem
618 338 658 373 et
690 333 747 373 sic
781 347 804 373 a
839 335 944 386 stylo
982 336 1172 375 recedunt
1208 349 1239 377 e.
1275 350 1310 388 g.
1348 338 1388 377 in
1422 339 1631 390 Papavere,

301 407 542 449 Antirrhino.

409 505 594 554 Quarta
635 503 843 543 mutatio
885 509 945 544 est
986 505 1249 546 induratio.
1304 508 1367 546 Fit
1399 509 1631 559 praesertim

298 580 347 619 ad
373 583 558 631 putamen
585 581 689 620 unde
727 581 879 632 drupa
916 582 1178 622 constituitur.
1235 584 1475 624 Cellularum
1503 585 1630 636 parie-

297 661 355 695 tes
382 655 637 695 indurescunt
665 669 782 708 saepe
811 658 942 697 stratis
969 658 1172 710 impositis,
1202 664 1240 699 et
1268 661 1435 701 cellulae
1463 662 1521 701 sic
1548 675 1631 702 mu-

297 737 399 772 tatae
427 733 616 784 putamini
644 733 891 782 incumbunt,
927 738 972 774 ut
997 734 1036 773 in
1064 736 1157 786 Pyri
1185 741 1224 775 et
1251 737 1411 788 Mespili
1438 738 1629 778 fructibus

296 823 459 849 cernere
487 809 591 849 licet.
646 810 691 849 In
727 809 812 848 aliis
848 810 975 861 ipsum
1009 815 1193 862 putamen
1232 813 1383 853 cellulis
1418 815 1476 854 sic
1503 816 1628 855 auctis

295 891 334 926 et
368 886 591 926 incrassatis
627 885 848 934 induratur,
883 891 927 926 ut
954 887 993 925 in
1021 887 1153 927 Pruno
1193 894 1265 929 etc.
1335 892 1435 930 'rum
1471 904 1629 944 quoque

295 964 368 1003 ista
400 963 632 1002 incrassatio
668 967 707 1002 et
739 962 934 1002 induratio
971 963 1202 1004 cellularum
1237 966 1277 1005 in
1311 967 1459 1007 cortice
1493 968 1627 1007 locum

293 1041 423 1090 habet,
449 1040 554 1078 unde
582 1052 678 1078 nux
706 1045 774 1078 aut
802 1039 1004 1090 caryopsis
1032 1040 1212 1081 efficitur.

402 1132 587 1184 Quinta
613 1131 818 1172 mutatio
848 1136 908 1173 est
936 1133 975 1172 in
1005 1133 1202 1173 baccam
1240 1134 1392 1174 cellulis
1421 1146 1519 1188 quae
1547 1148 1627 1175 ma-

287 1211 419 1260 jorem
463 1208 574 1248 succi
617 1208 772 1260 copiam
819 1214 1079 1260 susceperunt
1126 1224 1241 1263 quam
1292 1215 1405 1250 antea
1453 1212 1627 1252 contine-

291 1287 383 1325 bant
417 1286 603 1337 perfecta.
669 1286 798 1325 Variis
836 1286 962 1325 modis
1005 1286 1045 1325 id
1079 1287 1167 1326 fieri
1200 1286 1311 1327 solet.
1375 1287 1455 1327 Aut
1491 1292 1628 1328 cortex

290 1363 520 1415 praesertim
549 1363 786 1404 incrassatur
814 1367 853 1402 et
879 1363 1132 1402 succulentus
1159 1364 1212 1413 fit,
1241 1369 1285 1404 ut
1313 1364 1353 1403 in
1371 1365 1492 1416 pyris,
1520 1365 1625 1405 Mes-

290 1440 370 1491 pilo
408 1445 481 1478 etc.
522 1443 589 1478 aut
630 1439 878 1491 sporophora
918 1439 1146 1479 succulenta
1189 1441 1288 1480 fiunt
1323 1445 1368 1480 ut
1401 1440 1441 1479 in
1475 1439 1627 1492 Atropa

288 1516 543 1564 Belladonna,
573 1515 723 1555 Solano
747 1521 819 1556 etc.
844 1521 910 1555 aut
938 1518 1185 1568 sporophora
1217 1531 1306 1557 cum
1334 1517 1517 1557 funiculis
1544 1530 1627 1575 um-

288 1593 507 1632 bilicalibus
537 1597 575 1631 et
601 1593 738 1644 pulpa,
779 1597 823 1632 ut
855 1594 895 1632 in
922 1593 1110 1643 Ribesiis,
1152 1594 1262 1634 Citro
1299 1595 1475 1647 aliisque.
1531 1593 1625 1634 Non

287 1669 387 1708 male
423 1669 671 1708 Linnaeus
707 1670 867 1708 baccam
909 1670 1054 1709 siccam
1096 1671 1270 1719 vocavit,
1316 1685 1415 1724 quae
1455 1672 1624 1724 primum

287 1746 514 1786 succulenta
549 1746 669 1795 facta,
714 1750 795 1785 tum
831 1747 1023 1786 exarescit
1056 1751 1096 1786 et
1136 1747 1297 1787 lacunas
1339 1749 1526 1799 admittit,
1566 1749 1623 1788 uti

289 1822 449 1874 capsula
480 1821 646 1873 Capsici.

397 1909 711 1960 Superficies
749 1909 958 1960 pericarpii
994 1914 1060 1949 aut
1095 1911 1230 1961 glabra
1258 1915 1334 1961 est,
1382 1917 1450 1951 aut
1484 1912 1621 1963 pilosa,

287 1991 355 2025 aut
383 1985 475 2024 setis
505 1989 606 2024 tecta
635 1985 765 2034 rectis,
791 1991 858 2025 aut
887 1987 981 2026 setis
1009 1987 1119 2038 apice
1148 1988 1320 2027 incurvis
1334 1988 1620 2040 (glochidibus)

286 2067 353 2101 aut
381 2062 575 2110 verrucis,
618 2066 685 2101 aut
713 2062 849 2114 spimis
877 2064 1079 2112 (Datura).
1134 2065 1334 2104 Interdum
1361 2065 1622 2117 pericarpium

286 2140 325 2177 in
363 2139 464 2178 alam
501 2138 707 2178 foliaceam
745 2139 940 2179 exerescit
974 2141 1208 2190 (Fraxinus)
1246 2146 1313 2180 aut
1349 2146 1476 2182 totum
1512 2142 1622 2182 folia-

286 2228 399 2254 ceum
433 2220 490 2254 est
514 2215 708 2266 (Ulmus),
744 2217 851 2268 quod
880 2216 1186 2257 Gaertnerus
1215 2230 1410 2258 sumaram
1443 2219 1618 2267 vocabat,

286 2297 353 2330 aut
387 2292 726 2332 membranaceum
768 2292 1068 2343 (Amaranthus)
1108 2306 1179 2333 seu
1220 2295 1411 2335 utrieulus
1452 2295 1621 2335 Gaert-

285 2367 401 2407 neri.
456 2368 508 2427 In·
526 2368 791 2409 Umbelliferis
819 2370 1047 2409 achaenium
1075 2371 1210 2422 calyce
1239 2376 1383 2411 tectum
1411 2375 1481 2421 est,
1509 2372 1620 2423 cujus

287 2448 421 2483 costae
449 2444 626 2495 singulae
654 2447 704 2485 ad
730 2446 865 2498 phylla
892 2446 1109 2498 pertinent,
1144 2448 1297 2488 duobus
1325 2461 1347 2487 e
1375 2447 1496 2488 latere
1523 2448 1620 2488 inte-

285 2519 391 2559 riore
418 2524 640 2560 extrorsum
667 2523 804 2563 versis.

393 2607 438 2646 In
466 2607 656 2648 fructibus
687 2610 967 2662 carpolysis
996 2615 1074 2661 est,
1115 2615 1160 2651 ut
1187 2612 1227 2651 in
1254 2611 1417 2652 floribus
1441 2610 1618 2663 antholy-
