1682 2938
917 135 997 176 130

288 242 574 294 irregularitate
603 244 813 295 disputavit
850 244 992 293 (Anu.
1019 246 1054 285 d.
1084 259 1145 285 sc.
1175 252 1267 287 nat.
1296 247 1360 288 27.
1391 247 1515 294 225.)
1572 250 1624 289 At

287 333 385 371 pace
412 320 486 359 viri
499 321 735 372 sagacissimi
750 322 926 370 dixerim,
956 335 1019 360 me
1048 323 1160 361 istam
1191 323 1482 364 similitudinem
1510 339 1623 379 quam

286 397 387 446 vult,
429 397 532 437 inter
564 402 696 449 partes
733 398 1018 450 irregularitate
1057 399 1213 439 affectas
1251 406 1289 448 et
1318 402 1517 453 regulares
1544 416 1624 442 non

287 474 482 523 invenire,
519 487 552 513 e.
583 487 617 525 g.
655 475 791 513 lobum
820 476 990 515 medium
1019 477 1113 516 labii
1142 477 1338 516 inferioris
1368 479 1543 518 corollae
1571 479 1625 518 la-

287 551 413 590 biatae
442 551 610 590 maxime
641 552 853 591 convenire
883 566 972 591 cum
1002 554 1177 593 corollae
1193 555 1382 605 regularis
1402 556 1622 606 segmentis.

285 628 426 667 Differt
468 628 507 666 in
542 627 697 666 Linaria
739 642 762 667 a
806 629 987 669 Peloriae
1029 631 1238 681 segmentis
1281 631 1544 682 regularibus,
1585 637 1624 672 et

285 705 409 744 multo
438 704 559 755 magis
589 717 679 743 cum
707 705 766 744 his
794 706 960 746 laciniae
988 707 1171 746 laterales
1199 708 1291 746 labii
1319 708 1515 747 inferioris
1531 720 1625 747 con-

287 782 460 821 veniunt.
518 781 693 821 Maxime
730 782 860 822 differt
895 783 1011 823 lobus
1049 784 1198 822 medius
1227 785 1266 822 in
1295 785 1414 823 variis
1443 784 1623 834 Labiatis‚

286 871 318 916 e.
348 871 383 909 g.
415 854 713 898 Galeobdolone
742 873 765 898 a
792 859 1055 910 regularitate.
1113 861 1200 900 Nec
1229 862 1267 900 in
1299 862 1403 910 aliis,
1433 875 1528 914 quas
1557 862 1623 901 ad-

285 935 391 974 ducit
417 934 570 989 Auctor
597 935 740 987 plantis
775 937 875 976 hanc
911 937 1203 976 similitudinem
1240 939 1380 989 reperi.
1436 939 1479 977 In
1516 939 1622 978 omni

282 1012 449 1063 partium
477 1011 701 1062 plantarum
730 1014 1034 1064 metamorphosi
1063 1014 1138 1053 alia
1167 1019 1204 1053 et
1232 1015 1347 1065 plane
1376 1016 1528 1054 diversa
1555 1030 1622 1055 na-

283 1088 406 1127 scitur
434 1100 537 1139 pars.

392 1187 557 1227 Corona
583 1199 663 1225 non
693 1199 850 1238 semper
885 1187 992 1226 basi
1023 1177 1199 1240 undique
1240 1190 1412 1242 aequalis
1443 1196 1481 1229 et
1508 1204 1622 1242 regu-

281 1265 377 1305 laris
407 1268 477 1313 est,
505 1264 575 1302 sed
600 1263 855 1315 monopetala
884 1277 966 1303 non
995 1277 1085 1304 raro
1115 1265 1155 1304 in
1182 1265 1371 1305 alterutro
1399 1271 1439 1305 et
1467 1267 1623 1319 quidem

281 1340 470 1381 inferiore
497 1340 622 1380 latere
650 1340 859 1391 prominet,
889 1345 929 1380 et
957 1342 1207 1392 gibberem
1236 1343 1366 1382 variae
1389 1344 1538 1383 formae
1557 1357 1623 1383 ex-

281 1417 388 1458 serit.
445 1416 567 1456 Hicce
595 1416 733 1468 gibber
759 1430 840 1456 non
869 1431 961 1457 raro
979 1418 1019 1457 in
1047 1419 1183 1457 tubum
1211 1419 1349 1459 transit
1374 1420 1504 1460 variae
1532 1421 1620 1460 lon-

282 1494 487 1546 gitudinis,
517 1497 670 1532 rectum
700 1507 771 1532 seu
799 1494 1017 1544 incurvum,
1046 1496 1276 1546 praesertim
1296 1497 1406 1547 apice
1422 1497 1618 1546 inflexum,

281 1584 444 1611 succum
473 1570 628 1610 dulcem
659 1571 934 1622 excipientem.
993 1573 1172 1612 Calcar
1209 1587 1232 1612 a
1268 1573 1470 1612 Botanicis
1504 1587 1621 1613 voca-

280 1653 357 1687 tur.
413 1649 459 1686 In
486 1647 638 1687 corolla
666 1648 894 1699 polypetala
922 1649 1115 1688 interdum
1143 1663 1264 1689 unum
1291 1650 1463 1702 petalum
1492 1651 1622 1690 calcar
1680 1666 1682 1691 1

280 1724 443 1773 exserit,
480 1736 552 1763 seu
581 1724 817 1763 calc-aratum
855 1730 912 1764 est
945 1731 983 1764 et
1011 1726 1166 1778 quidem
1194 1727 1374 1778 superius
1410 1727 1620 1776 (Fumaria,

279 1800 510 1852 Gorydalis)
544 1791 612 1841 aut
647 1801 811 1840 inferius
847 1802 1004 1851 (Viola)
1048 1808 1116 1842 aut
1151 1804 1229 1842 duo
1265 1804 1394 1854 petala
1428 1804 1621 1843 calcarata

278 1877 533 1917 inveniuntur
561 1878 799 1929 (Dielytra),
834 1878 959 1917 rarius
990 1878 1120 1917 onmia
1147 1878 1393 1931 (Aquilegia)
1422 1883 1460 1918 et
1489 1880 1621 1931 singu-

278 1955 354 1994 lari
380 1955 660 2005 anamorphosi
688 1954 728 1993 in
750 1953 922 1994 Aconito
941 1955 1020 1994 duo
1035 1955 1193 1995 inversa
1216 1956 1523 2007 conspiciuntur,
1552 1958 1621 1996 tri-
1678 1966 1679 1978 ³

277 2032 351 2071 bus
381 2031 553 2071 exclusis
592 2033 648 2081 (v.
680 2032 746 2082 s.).
811 2032 856 2070 In
885 2031 1097 2083 Delphinio
1133 2045 1284 2083 ungues
1320 2034 1542 2084 petalorum
1579 2031 1619 2073 in
1681 2058 1682 2062 =

279 2109 425 2160 calycis
455 2107 588 2149 calcar
616 2114 830 2157 transeunt⁷
862 2113 899 2147 et
923 2109 1053 2148 calcar
1083 2110 1234 2148 corolla
1261 2110 1419 2149 efficere
1447 2111 1617 2150 tendant.
1677 2103 1682 2147 ,ἕ

277 2185 404 2236 Saepe
432 2186 474 2225 in
501 2186 583 2225 basi
613 2186 777 2225 calcaris
810 2198 952 2225 succus
988 2186 1198 2236 peculiaris
1233 2187 1466 2239 plerumque
1496 2186 1619 2227 dulcis

276 2262 496 2302 secernitur
531 2267 570 2302 et
603 2263 787 2314 glandula
820 2263 915 2301 latet
949 2263 1105 2302 nonnisi
1144 2277 1164 2302 e
1201 2262 1356 2302 cellulis
1389 2265 1616 2315 composita,

277 2351 442 2392 quarum
470 2339 719 2379 membranae
748 2340 964 2379 crassiores
993 2344 1086 2379 sunt
1113 2353 1159 2379 ac
1187 2340 1227 2378 in
1256 2340 1431 2392 reliquis.
1581 2339 1583 2341 ’

387 2449 535 2487 Omnes
563 2448 771 2498 glandulae
797 2449 837 2488 in
866 2450 1017 2498 corolla
1042 2450 1096 2489 ita
1124 2453 1373 2501 comparatae
1402 2455 1495 2490 sunt
1522 2455 1566 2490 ut
1593 2463 1614 2490 e
1674 2466 1682 2502 3

277 2524 430 2564 cellulis
465 2528 646 2564 constent
683 2526 940 2566 crassioribus
987 2527 1186 2578 praeditae
1227 2527 1471 2568 membranis.
1534 2527 1615 2566 Aut
1673 2515 1682 2580 ζ’

274 2613 435 2641 succum
462 2601 701 2653 peculiarem
738 2602 874 2642 colore
911 2603 1101 2654 peculiari
1138 2603 1360 2654 insignitum
1402 2604 1613 2653 continent,
1673 2613 1675 2619 ’
