1592 2924
841 130 894 172 18

199 229 284 281 tere
313 250 463 292 aqueos
493 252 594 292 quae
623 240 735 291 poris
763 241 942 292 praedita
971 242 1039 291 sit,
1068 254 1150 281 non
1179 242 1243 290 ita,
1273 254 1374 293 quae
1401 248 1543 283 careat.

197 317 251 357 At
278 317 319 357 in
347 316 452 356 soliis
481 317 658 367 carnosis
675 316 799 357 Aloe-s
825 322 864 357 et
880 318 1071 358 coriaceis
1086 320 1265 358 Hederae
1293 319 1444 359 nullam
1473 321 1543 360 ob-

198 394 369 434 servavit
403 394 742 446 evaporationem,
771 407 1025 447 quamquam,
1068 399 1234 448 utraque
1263 396 1405 448 pagina
1432 397 1542 447 poris

199 471 327 511 obsita
353 471 489 520 fuerit,
529 471 670 524 quibus
700 472 978 522 experimentis
1005 473 1139 523 priora
1167 473 1286 512 dubia
1313 473 1542 513 redduntur.

303 547 392 587 Nec
419 548 660 600 resorptioni
685 549 894 588 humorum
929 549 1119 589 inservire
1153 550 1335 589 stomatia
1368 550 1545 590 credide-

195 625 280 664 rim.
338 625 529 664 Videmus
558 625 824 664 radicularum
853 625 986 676 apices
1014 627 1200 666 humores
1230 627 1378 678 optime
1401 639 1543 678 sugere

196 702 342 755 absque
369 714 472 752 poro
502 702 731 754 conspicuo.
788 702 973 753 Paginam
998 703 1225 742 inferiorem
1253 703 1376 755 magis
1406 704 1543 743 absor-

196 780 290 819 bere
318 779 503 818 humores
540 791 658 830 quam
693 779 957 829 superiorem,
1003 779 1099 819 folia
1134 779 1288 819 scilicet
1315 781 1457 831 pagina
1485 780 1543 820 in-

196 855 341 896 feriore
370 868 496 908 aquae
524 854 708 906 imposita
736 856 882 895 diutius
909 857 1061 908 vigere,
1091 869 1208 908 quam
1238 858 1456 908 superiore,
1484 858 1543 897 uti

194 934 292 974 vidit
329 934 604 981 Bonnetus,
653 945 674 971 e
709 932 860 972 laxiore
895 933 1060 984 paginae
1105 933 1305 973 inferioris
1352 946 1543 985 compage

195 1009 387 1062 explicari
413 1013 555 1061 potest.
617 1009 733 1048 Folia
760 1010 1066 1050 Browalliae
1103 1011 1226 1050 elatae
1261 1023 1362 1062 quae
1391 1014 1544 1050 tantum

195 1085 388 1126 stomatiis
422 1085 464 1124 in
499 1084 643 1136 pagina
670 1085 860 1124 inferiore
888 1087 1050 1137 gaudet,
1090 1100 1215 1139 aquae
1251 1087 1392 1138 pagina
1427 1100 1543 1139 supe-

195 1164 302 1203 riore
331 1161 517 1214 imposita
543 1174 625 1200 non
654 1161 783 1200 minus
812 1161 880 1200 diu
907 1163 1041 1213 vigent
1069 1163 1295 1214 (Nachtr.
1324 1163 1359 1204 1.
1388 1163 1487 1213 34.)

305 1240 434 1280 Video
462 1237 668 1278 materiam
696 1251 922 1289 grumosam
951 1252 973 1278 e
1003 1235 1288 1280 stomatiisnon
1309 1241 1465 1292 quidem
1494 1254 1544 1280 ex

194 1317 397 1367 omnibus,
437 1316 508 1355 sed
542 1315 583 1354 in
620 1315 802 1354 omnibus
838 1320 970 1355 tamen
1002 1316 1163 1367 prodire
1197 1316 1352 1368 plantis.
1416 1319 1544 1370 Quam

194 1395 245 1434 ob
272 1406 357 1433 rem
393 1396 433 1432 et
469 1405 577 1432 nunc
605 1392 654 1431 ad
681 1391 885 1443 glandulas
922 1392 1065 1431 refero.
1124 1394 1320 1433 Convenit
1347 1398 1546 1434 structura

193 1470 316 1522 magis
345 1469 576 1520 composita,
605 1468 663 1508 uti
693 1469 733 1508 in
761 1468 956 1520 glandulis
986 1469 1219 1521 quibusdam
1237 1471 1469 1522 conspicere
1497 1471 1543 1510 li-

195 1552 270 1587 cet.
327 1545 560 1596 eujusmodi
588 1545 639 1584 sit
673 1544 836 1584 materia
864 1545 939 1584 ista
966 1558 1153 1605 grumosa
1181 1550 1334 1586 secreta
1366 1560 1437 1587 seu
1471 1561 1542 1600 pjo-

194 1623 272 1665 tius
301 1627 471 1672 excreta,
501 1635 618 1675 quem
646 1622 686 1661 in
714 1622 832 1660 finem
860 1623 1032 1662 secretio
1061 1636 1131 1662 seu
1162 1624 1338 1663 excretio
1371 1625 1450 1674 fiat,
1478 1638 1541 1664 me

194 1702 395 1753 ignorare,
439 1700 623 1739 lubenter
648 1699 784 1738 fateor.
841 1698 921 1737 Sed
954 1703 1154 1739 noruntne
1189 1700 1264 1739 viri
1293 1701 1399 1740 docti
1426 1714 1542 1740 usum

194 1783 255 1818 tot
283 1776 555 1829 glandularum
592 1776 633 1815 in
669 1775 831 1827 plantis,
877 1790 909 1814 e.
940 1789 974 1827 g.
1011 1776 1051 1815 in
1079 1777 1315 1828 Myrtaceis,
1357 1778 1543 1818 Rutaceis

195 1855 386 1907 aliisque?

197 1954 305 2001 122.
373 1950 444 1999 Gl
456 1968 526 1998 an
538 1949 569 1998 d
579 1948 641 1997 ul
654 1968 682 1998 a
693 1967 719 1998 e
770 1967 796 1997 e
849 1948 1039 1998 cellulis
1088 1954 1389 2015 compositae
1430 1957 1544 1999 sunt

393 2041 714 2103 aggregatis,
761 2055 959 2086 succum
1001 2042 1257 2103 proprium
1293 2042 1541 2087 continen-

391 2132 467 2174 tes
502 2132 588 2175 aut
620 2131 951 2174 excernentes.

305 2226 525 2266 Glandulae
560 2231 601 2266 et
629 2227 787 2279 quidem
823 2226 1038 2278 impressae
1073 2225 1121 2264 ab
1158 2225 1336 2277 opangiis
1365 2224 1421 2279 (ξ.
1450 2225 1540 2276 53.)

195 2316 278 2344 non
320 2303 519 2353 differunt,
567 2304 643 2343 nisi
672 2304 780 2357 quod
807 2303 941 2355 plures
977 2302 1145 2343 cellulae
1181 2302 1422 2354 compositae
1465 2302 1542 2341 sint

195 2379 419 2432 glandulam
456 2380 759 2429 constituentes,
807 2393 897 2420 cum
936 2380 1148 2432 opangium
1190 2393 1239 2420 ex
1275 2392 1354 2418 una
1388 2382 1542 2418 constet

197 2456 351 2506 cellula,
380 2454 615 2510 quamquam
642 2458 838 2498 interdum
866 2470 1006 2509 magna
1034 2461 1074 2497 et
1100 2456 1280 2497 difformi.

307 2533 434 2574 Glan
445 2534 588 2574 dulae
615 2535 887 2586 impressae
915 2535 1018 2575 intra
1032 2535 1190 2575 foveam
1207 2532 1457 2585 epidermidis
1472 2532 1539 2571 de-

123 2639 129 2644 .
198 2614 295 2661 gunt
322 2611 446 2663 magis
461 2610 667 2664 minusque
683 2613 930 2663 profundam,
959 2612 1066 2653 vallo
1095 2611 1328 2652 cellularum
1357 2609 1538 2650 viridium
