1682 2938
920 138 975 179 58

240 260 244 263 κ
273 248 336 283 tur
369 248 417 284 ut
450 245 491 284 in
525 244 746 297 Hyacintho
780 247 974 288 orientali.
1042 250 1141 289 Cum
1182 251 1332 291 fructus
1374 253 1607 300 maturescit,

271 320 449 360 colorem
479 323 630 362 fructus
657 323 855 363 interdum
882 338 1041 379 quoque
1069 333 1269 368 assumunt
1303 333 1347 369 ut
1384 330 1424 369 in
1451 330 1608 381 Physali

270 395 503 450 Alkekengi.

376 485 422 525 In
469 487 604 528 Rusco
649 489 899 540 pedunculus
945 503 1069 533 nervo
1124 492 1311 544 primario
1361 493 1446 533 folii
1491 494 1607 534 adna-

268 565 330 601 tus
359 567 431 603 est.

375 651 626 692 Pedunculus
651 666 740 693 cum
769 655 901 695 fructu
923 655 1120 695 interdum
1137 657 1293 706 decidit,
1321 661 1364 697 ut
1403 670 1524 709 supra
1551 656 1607 695 di-

267 730 374 766 ctum
403 732 481 778 est,
507 730 737 781 praesertim
765 744 855 771 cum
883 745 905 771 e
932 732 1040 784 ligno
1067 738 1223 773 vetusto
1253 734 1464 783 enascitur,
1492 738 1537 772 ut
1566 733 1606 772 in

267 805 472 845 Pomaceis
501 810 539 846 et
564 806 829 859 Amygdaleis.
881 808 1123 849 Cellularum
1151 814 1316 850 stratum
1349 812 1401 850 ad
1425 810 1606 861 adjacen-

265 880 369 921 tibus
397 882 638 924 diversarum
664 884 768 933 loco,
802 899 882 938 quo
912 885 1113 937 rumpitur,
1142 887 1349 929 invenitur.
1403 888 1605 926 Interdum

265 972 424 1012 quoque
453 973 543 1001 cum
570 961 732 1001 floribus
761 961 977 1012 delabitur,
1016 964 1051 1003 si
1077 964 1228 1004 fructus
1256 978 1337 1004 non
1365 965 1514 1012 ferunt,
1560 969 1604 1003 ut

263 1035 304 1074 in
330 1035 601 1086 Amentaceis,
634 1050 710 1077 nec
743 1051 824 1078 non
859 1039 900 1078 in
927 1039 1083 1079 Acaciis
1112 1045 1186 1080 etc.
1242 1041 1478 1094 Plerumque
1502 1054 1605 1080 mar-

263 1112 387 1151 cescit
421 1117 461 1152 et
494 1113 549 1153 ita
583 1113 760 1165 persistit
797 1119 837 1154 et
863 1116 1020 1167 quidem
1049 1121 1175 1167 totus,
1212 1119 1340 1158 donec
1373 1131 1463 1158 cum
1492 1118 1603 1157 caule

260 1193 418 1240 pereat,
459 1194 527 1230 aut
561 1202 688 1230 novus
728 1204 970 1242 gemmarum
1002 1198 1218 1243 proventus
1260 1193 1388 1245 ipsum
1431 1195 1604 1234 excutiat

261 1265 489 1319 (Syringa),
502 1271 569 1307 aut
582 1268 726 1319 partim
740 1268 926 1319 persistit,
944 1269 1147 1320 pedicellis
1163 1271 1417 1322 pereuntibus
1431 1285 1506 1311 nec
1520 1285 1601 1310 non

263 1343 474 1393 ramastris‚
502 1357 584 1384 non
600 1358 692 1385 raro
706 1358 831 1385 novas
859 1358 1043 1397 gemmas,
1072 1347 1200 1387 rarius
1220 1361 1348 1388 novos
1364 1349 1484 1388 flores
1511 1361 1602 1400 pro-

261 1419 436 1459 ducens..
491 1421 610 1473 Quod
638 1421 678 1460 in
706 1423 826 1474 Hoya
855 1435 1022 1462 carnosa
1049 1423 1274 1464 observavit
1302 1425 1600 1464 Candollius

260 1496 391 1548 (Org.
416 1496 444 1536 1.
463 1496 591 1547 4050,
622 1498 805 1549 exemplo
833 1498 1036 1539 luculento
1065 1500 1115 1540 ob
1143 1501 1410 1552 pedunculum
1437 1506 1602 1555 quotan-

260 1572 321 1612 nis
348 1586 488 1624 pamm
515 1579 685 1624 auctum,
714 1574 963 1615 cicatricibus
980 1576 1100 1628 igitur
1114 1578 1435 1629 apporoximatis.
1490 1578 1600 1618 Alias

259 1650 388 1690 minus
415 1650 456 1689 in
486 1655 741 1703 conspectum
768 1653 901 1701 prodit
934 1666 1039 1693 nova
1072 1655 1301 1705 productim
1354 1655 1600 1707 pedunculos
1635 1668 1637 1671 ’

259 1727 364 1766 enim
387 1727 429 1767 in
455 1741 587 1784 ramos
614 1729 757 1768 mutari
794 1730 964 1781 probant
991 1730 1212 1771 Viburnum
1248 1732 1371 1772 Tinus
1407 1732 1596 1785 aliaeque.

366 1820 618 1862 Pedunculus
653 1822 694 1861 in
729 1823 977 1874 perigonium
1013 1826 1150 1865 transit
1185 1830 1251 1865 aut
1287 1827 1335 1866 ab
1371 1826 1459 1878 ipso
1494 1826 1599 1866 linea

259 1897 440 1937 distincta
482 1902 690 1950 separatur
730 1898 771 1938 in
805 1899 923 1940 Allio.
1006 1901 1134 1953 Saepe
1189 1902 1230 1941 in
1273 1904 1597 1956 hypanthium

259 1974 410 2023 transit,
437 1986 509 2014 seu
535 1980 687 2027 partem
714 1990 921 2017 carnosam
943 1978 1064 2030 magis
1086 1979 1293 2032 minusque
1321 1994 1345 2019 a
1370 1982 1598 2032 pedunculo

259 2050 429 2090 solutam
466 2054 505 2090 et
537 2066 676 2092 verum
713 2054 894 2107 calycem
930 2055 1200 2095 sustinentem.
1265 2057 1325 2096 De
1353 2056 1513 2109 spadice
1542 2059 1598 2097 in-

260 2128 321 2167 fra
348 2127 511 2176 dicetur,
541 2129 608 2182 qui
634 2131 753 2170 flores
781 2132 909 2171 nudos
938 2132 961 2171 i.
978 2145 1011 2172 e,
1039 2131 1461 2184 perigoniisldestitutis
1478 2148 1598 2186 saepe

259 2209 402 2256 portat.
465 2204 576 2246 Alias
611 2208 829 2258 pedicellus
867 2209 906 2248 in
940 2210 1039 2248 flore
1075 2210 1183 2250 nudo
1220 2223 1381 2262 germen
1416 2212 1596 2260 sustinet,

258 2286 326 2321 aut
351 2286 520 2331 stamen,
548 2284 655 2323 nodo
684 2284 880 2325 discretus
908 2285 1186 2337 (Euphorbia).
1242 2288 1287 2327 In
1315 2289 1479 2328 amentis
1509 2302 1596 2328 cum

258 2359 429 2399 bracteis
455 2372 575 2411 saepe
604 2361 803 2401 coalescit.

367 2451 687 2504 Anamorphoses
729 2456 941 2508 pedunculi
984 2457 1114 2498 variae
1157 2461 1259 2497 sunt.
1329 2457 1461 2496 Primo
1505 2457 1596 2496 loco

260 2529 300 2568 in
332 2529 537 2581 spinam,
564 2530 806 2581 spinulam
833 2538 902 2573 aut
928 2535 1184 2575 aristulam
1218 2533 1380 2573 floribus
1416 2533 1597 2573 deficien-

260 2605 381 2656 tibus,
414 2610 459 2646 ut
486 2606 526 2646 in
553 2608 716 2660 Lepidio
740 2610 903 2661 spinoso
937 2616 975 2651 et
1009 2611 1127 2651 variis
1156 2610 1349 2650 Ononidis
1378 2610 1595 2663 speciebus.
