1682 2938
906 127 991 170 210

281 242 363 278 tum
392 238 553 277 anthera
581 236 724 276 effoeta
751 237 1068 285 membranacea,
1109 241 1154 276 ut
1188 238 1304 288 igitur
1334 238 1499 277 stamina
1524 251 1616 290 qua-

281 319 372 354 tuor
400 314 540 354 adsint.

387 391 448 430 De
476 390 724 442 paracorolla
747 389 1093 441 Asclepiadearum
1114 392 1197 440 jam
1226 404 1345 441 supra
1373 391 1519 429 dictum
1548 396 1617 430 est.

280 468 507 519 Parapetala
534 468 679 506 haecce
706 467 837 506 variae
869 471 959 506 sunt
995 468 1146 506 formae
1177 472 1216 507 et
1250 468 1290 506 in
1318 468 1435 506 variis
1464 467 1616 518 generi-

281 545 354 583 bus
407 544 575 583 maxime
622 543 892 595 discrepantis.
975 545 1174 584 Coronam
1225 546 1452 583 stamineam
1500 549 1616 584 vocat

281 621 328 660 R.
366 621 625 660 Brownius
662 621 702 658 in
737 620 1001 672 descriptione
1039 620 1384 672 Asclepiadem-um
1434 622 1615 671 (Verm.

282 697 374 736 Sch
387 711 417 736 r.
445 697 484 736 2.
515 696 630 744 357.)
665 701 703 736 et
737 698 901 736 stamina
935 710 1020 737 esse
1056 699 1333 749 anamorphosi
1365 703 1514 737 mutata
1549 698 1615 737 vix

284 774 432 814 dubito.
491 775 591 813 Cum
619 786 715 812 vero
741 774 884 824 petalis
922 774 961 812 in
990 787 1132 825 genere
1161 774 1369 814 similiores
1398 776 1475 813 sint
1501 788 1615 827 quam

281 851 520 898 staminibus,
549 850 776 901 parapetala
806 851 939 901 potius
969 850 1145 898 dixerim,
1173 864 1248 890 nec
1277 853 1397 890 refert
1425 865 1511 890 cum
1540 857 1615 890 sta-

231 930 233 932 ’
282 927 452 966 minibus
483 931 651 966 connata
689 938 791 974 esse,
836 940 926 965 nam
954 927 1104 966 corolla
1131 928 1379 978 monopetala
1407 930 1488 968 fere
1517 942 1614 967 sem-
1658 957 1661 960 -

281 1017 354 1055 per
383 1016 473 1042 cum
500 1003 725 1042 staminibus
756 1007 925 1042 connata
953 1007 1024 1043 est.

391 1079 552 1119 Corona
579 1078 823 1118 filamentosa
847 1078 887 1116 in
902 1079 1142 1118 Passifloreis
1172 1080 1251 1119 situ
1279 1081 1527 1131 paracorolla
1556 1087 1614 1120 est

284 1160 323 1194 et
350 1168 471 1207 supra
498 1155 678 1204 indicata,
706 1155 840 1194 habitu
856 1156 1053 1206 permulta
1070 1156 1268 1195 filamenta
1295 1162 1461 1196 castrata
1490 1171 1520 1196 s.
1551 1172 1615 1197 an-

283 1232 403 1272 theris
433 1233 571 1272 orbata
598 1233 733 1272 refert.
787 1231 950 1272 Florem
978 1233 1253 1284 anamorphosi
1274 1234 1503 1284 proliferum
1533 1249 1615 1274 cre-

282 1308 458 1358 diderim,
486 1314 806 1360 parastemonum
834 1309 1010 1348 seriebus
1038 1310 1227 1361 pluribus,
1256 1310 1392 1349 intima
1419 1312 1521 1350 serie
1550 1326 1614 1352 va-

283 1385 365 1424 riae
394 1386 563 1434 formae,
600 1398 757 1437 semper
783 1399 880 1426 vero
915 1386 1038 1437 magis
1066 1386 1320 1437 petaloideae.
1375 1387 1549 1440 Emergit
1576 1389 1613 1428 in

280 1462 412 1501 medio
455 1462 692 1513 pedicellus,
734 1463 845 1515 quasi
871 1463 966 1502 novi
992 1463 1116 1511 floris,
1153 1463 1238 1503 basi
1263 1477 1412 1503 corona
1452 1478 1616 1506 carnosa

280 1539 394 1591 quasi
419 1538 627 1579 involucro
656 1539 824 1588 cinctus,
853 1553 1021 1591 superne
1045 1540 1208 1580 stamina
1237 1540 1503 1594 pistillumque
1531 1555 1614 1583 sus-
1649 1579 1653 1584 .
1678 1537 1682 1548 ⁹

278 1614 419 1654 tineus.

389 1691 435 1729 In
462 1691 590 1731 Loasa
613 1684 793 1741 (urente)
820 1693 1062 1743 proliferatio
1091 1693 1318 1744 imperfecta
1344 1694 1510 1734 videtur.
1553 1697 1615 1735 In-

279 1770 343 1806 tra
385 1766 561 1817 calycem
603 1768 902 1820 pentaphyllum
938 1774 998 1808 est
1033 1769 1185 1808 corolla
1217 1772 1478 1821 pentapetala.
1544 1773 1614 1812 Se-

282 1847 455 1895 quuntur
481 1848 775 1894 parastemones
789 1845 935 1893 decem,
962 1845 1047 1884 basi
1062 1858 1285 1896 compressa
1306 1846 1425 1895 fusca,
1441 1847 1613 1888 filamen-

282 1920 334 1960 tis
357 1920 598 1960 tenuissimis
627 1919 736 1971 albis,
766 1923 927 1962 anthera
955 1922 1106 1970 effoeta,
1136 1936 1224 1961 cum
1252 1922 1390 1974 petalis
1416 1923 1610 1964 alternan-

280 2001 360 2044 tes3
387 2001 469 2036 tum
485 1998 735 2048 paracorolla
757 1999 1009 2050 pentaphylla
1024 2004 1062 2038 et
1088 2000 1190 2038 intra
1216 2000 1316 2038 liano
1343 2001 1506 2040 stamina
1534 2002 1609 2041 fer-

281 2073 376 2123 tilia,
405 2073 642 2124 fasciculata,
670 2075 810 2126 petalis
840 2075 1031 2126 opposita,
1058 2089 1147 2115 cum
1159 2074 1398 2127 parapetalis
1416 2078 1610 2117 alternan-

280 2149 344 2189 tia.
402 2151 472 2190 Est
499 2151 617 2202 igitur
644 2152 794 2191 corolla
822 2151 1061 2191 staminifera
1100 2152 1202 2192 intra
1229 2153 1344 2192 aliam
1373 2159 1610 2204 parastemo-

279 2226 394 2266 nibus
422 2228 647 2278 praeditam.

1680 1825 1682 1879 1

1679 2033 1682 2046 ⁴

1646 2086 1647 2089 ‘
1674 2047 1682 2156 1

1674 2153 1682 2306 ἶ

1672 2310 1682 2491 ξ

1675 2492 1680 2660 ἓ

1672 2560 1674 2576 1

1672 2578 1673 2603 i

1671 2626 1673 2646 1

1630 2803 1633 2806 .
1673 2672 1678 2818 1

1669 2823 1682 2938 1
