1682 2938
842 133 925 178 104

210 244 301 297 pica
337 242 568 296 disquisitio.
631 245 769 298 Quivis
805 246 910 287 enim
940 246 1075 286 radius
1097 246 1258 286 minime
1295 257 1346 284 ex
1379 257 1461 286 uno
1495 250 1556 286 tu-

210 321 307 362 bulo
321 321 476 374 integro
494 325 561 362 aut
576 322 698 374 septis
727 323 914 364 distincto
930 328 1096 373 constat,
1125 324 1195 364 sed
1222 322 1357 374 plures
1386 321 1556 362 cellulae

211 398 602 450 prosenchymaticae
633 401 840 452 appositae
874 405 974 452 sunt,
1002 405 1047 441 ut
1074 402 1115 441 in
1141 400 1274 440 nervis
1303 399 1491 440 foliorum
1519 402 1560 439 et

213 474 379 528 calycis,
407 475 618 528 spiroideis
647 480 778 519 tamen
806 478 1051 518 oblitteratis.

321 605 490 659 Elegans
524 584 825 661 anomorphosis
859 611 995 651 locum
1022 611 1139 651 habet
1173 610 1216 649 in
1244 609 1452 662 Polygala‚
1491 608 1561 648 ubi
1608 606 1616 651 F.

215 682 316 723 duae
343 683 510 725 laciniae
545 691 783 727 excrescunt
821 692 861 727 et
887 687 1153 740 petaliformia
1179 687 1279 727 fiunt
1314 685 1399 727 alas
1427 683 1561 727 corol-
1615 674 1620 716 'i

215 756 281 800 lae
307 758 608 813 papilionaceae
635 763 847 805 imitantes.

1670 903 1671 906 Α
1675 320 1677 322 -
1669 280 1682 306 a»
1668 167 1682 260 wass»
1672 0 1682 31 ..ι

324 896 455 950 Calyx
481 900 612 939 rarior
639 905 952 942 monstrosus
981 902 1043 951 fit,
1071 914 1189 955 quam
1219 898 1384 942 corolla.
1438 899 1562 939 Inter-

216 973 311 1014 dum
344 973 484 1027 phylla
519 977 561 1016 in
597 975 695 1018 folia
731 979 878 1018 abeunt
905 978 1072 1029 (Rosa),
1114 979 1310 1018 interdum
1338 974 1564 1029 duplicatur

217 1049 336 1103 calyx
363 1051 560 1102 (primula
585 1054 732 1104 veris),
779 1058 818 1094 et
846 1055 1011 1094 interior
1039 1052 1217 1095 corollae
1254 1052 1393 1094 similis
1421 1053 1564 1102 evadit,

217 1140 337 1181 quam
374 1127 591 1169 Primulam
634 1128 908 1182 calycuntham
949 1135 1105 1171 vocant.
1170 1132 1403 1172 Monstrosa
1443 1130 1562 1170 facies

220 1203 285 1245 cal
306 1218 431 1260 ycum
458 1206 498 1245 in
512 1207 684 1247 Diantho
700 1205 978 1262 Caryophyllo
1006 1208 1054 1248 ab
1087 1208 1272 1248 exanthio
1300 1205 1560 1259 multiplicato

221 1283 351 1324 oritur
377 1282 435 1338 (§.
453 1282 579 1334 132).

332 1407 496 1463 Calyx
523 1407 892 1452 corolliformis
931 1411 1140 1451 teneritate
1167 1414 1387 1450 structurae
1415 1415 1454 1450 et
1478 1421 1568 1449 ner-

221 1498 366 1527 vorum
400 1487 678 1528 distributione
714 1500 805 1528 cum
839 1486 1013 1538 corolla,
1046 1488 1282 1541 plerumque
1312 1485 1430 1527 simul
1455 1499 1568 1538 prae-

223 1567 355 1614 sente,
394 1564 591 1606 convenit.
646 1565 852 1616 Ejusmodi
882 1563 1006 1619 calyx
1032 1563 1227 1617 regularis
1254 1562 1408 1617 phyllis
1437 1560 1573 1602 corol-'

221 1637 287 1680 lae
322 1638 476 1694 phyllis
511 1643 705 1694 oppositis
740 1643 782 1682 in
815 1642 1067 1683 Berberideis
1103 1642 1289 1682 occurrit.
1358 1637 1571 1681 Alternant

222 1730 322 1758 vero
349 1716 489 1770 phylla
516 1720 633 1771 hujus
663 1718 820 1774 calycis
849 1734 941 1760 cum
969 1717 1150 1760 corollae
1177 1717 1329 1773 phyllis
1356 1719 1397 1758 in
1411 1719 1572 1758 Rauun-

224 1793 397 1836 culaceis
426 1800 467 1837 et
493 1794 735 1848 singularem
763 1798 931 1838 sormam
957 1796 1319 1848 anamorphoticam
1339 1796 1381 1835 in
1398 1794 1571 1836 Aconito
1669 1854 1673 1857 Δ

225 1876 267 1914 et
293 1871 508 1925 Delphinio
535 1874 691 1915 habent.
747 1874 793 1914 In
819 1872 894 1914 illo
926 1871 1095 1914 labiatus
1126 1877 1202 1922 est,
1242 1870 1389 1926 phyIlo
1417 1883 1571 1912 summo
1666 1888 1682 1957 ἐ

224 1950 400 1990 maximo
439 1949 661 2001 cucullato,
718 1955 889 2004 quatuor
930 1951 1121 2003 appositis
1162 1950 1380 1990 minoribus
1416 1953 1456 1988 et
1489 1945 1574 1999 pla·
1664 1942 1672 1978 J*

226 2025 442 2076 niusculis;
497 2028 540 2068 in
583 2030 707 2070 hocce
754 2041 838 2068 non
890 2028 1020 2068 minus
1063 2026 1242 2068 ‘labiatus
1292 2031 1369 2076 est,
1425 2022 1573 2079 phyllo
1667 2074 1671 2081 ἲ

226 2116 382 2144 summo
410 2106 561 2157 majore
589 2109 629 2145 et
656 2103 872 2156 calcarato,
914 2103 1080 2158 reliquis
1113 2102 1344 2144 minoribus.
1408 2099 1577 2142 Corolla
1664 2088 1682 2171 Ξ

227 2181 269 2221 in
302 2181 412 2222 hisce
445 2180 593 2234 plantis
630 2193 790 2236 quoque
827 2183 1191 2234 anamorphoticam
1235 2182 1352 2221 habet
1397 2180 1576 2220 formam.
1662 2170 1682 2240 Ξ

227 2258 374 2299 Rarius
402 2257 559 2300 corolla
593 2260 743 2310 deficit,
788 2264 828 2300 et
860 2263 954 2300 tunc
993 2257 1182 2313 calycem
1218 2271 1305 2298 esse
1341 2270 1423 2297 non
1449 2256 1526 2296 nisi
1554 2268 1577 2296 e
1668 2237 1682 2275 ’ἒ

228 2332 376 2387 plantis
427 2337 609 2377 affinibus
658 2338 921 2390 dignoscitur,
975 2341 1021 2375 ut
1075 2337 1117 2376 in
1158 2334 1348 2385 Clemati,
1402 2333 1578 2384 Eranthi‚

229 2410 449 2453 Anemone.

343 2530 429 2574 Cal
436 2546 502 2587 yx
529 2534 552 2573 h
562 2535 626 2588 yb
637 2535 771 2575 ridus
810 2541 870 2576 est
898 2536 1050 2576 mediae
1086 2531 1232 2574 indolis
1260 2533 1363 2572 inter
1392 2530 1576 2585 calyccm

234 2613 274 2650 et
301 2608 506 2653 corollam.
562 2611 789 2654 Nervorum
817 2613 1042 2654 distributio
1070 2609 1305 2664 plerumque
1330 2607 1482 2663 calycis
1505 2611 1575 2656 est,
1599 2612 1607 2623 ⁴
1678 2618 1682 2664 ζ
