1592 2924
810 121 865 162 26

165 231 372 271 eontentus
400 229 483 270 fere
497 242 645 289 aqueus
668 230 728 282 sit,
744 245 847 273 veum
863 233 903 273 in
918 233 1109 286 glandulis
1137 237 1370 292 plerumque
1398 243 1506 283 oleo-

164 318 231 346 sus
258 310 327 346 aut
354 307 557 348 resinosus
584 309 817 361 reperiatur.

270 383 470 425 Interdum
496 389 619 426 totam
646 386 806 427 herbam
829 391 977 440 tegunt,
1005 402 1128 431 succo
1148 397 1343 445 turgente,
1372 408 1503 436 exem-

161 460 233 513 plo
246 461 453 502 notissimo
467 463 855 505 Mesembrianthemi
871 466 1099 518 crystallini.
1155 470 1206 510 Et
1234 471 1273 510 in
1302 471 1388 511 aliis
1415 486 1505 513 suc-

163 538 331 580 culentis
359 545 587 581 occurrunt.

267 617 314 656 In
345 608 752 659 Mesembrianthemis
788 619 906 660 variis
941 620 1131 673 singulari
1167 624 1287 664 modo
1324 630 1505 666 constru-

161 698 248 735 ctae
274 695 540 747 reperiuntur,
571 696 722 736 solidae
751 702 818 737 aut
845 698 967 750 magis
986 699 1166 740 minusve
1187 714 1316 751 cavae,
1346 703 1503 743 cellulis

159 785 256 812 vero
272 772 374 811 intra
387 772 492 824 ipsas
507 785 589 813 non
605 773 840 825 conspicuis,
869 776 1095 817 membrana
1123 779 1320 819 exteriore
1349 784 1505 820 antror-

159 860 247 888 sum
274 849 471 889 interdum
498 850 539 889 in
565 849 756 902 pileolum
784 857 974 903 exeunte,
1017 867 1206 906 compage
1241 854 1431 896 interiore
1464 857 1503 896 in

158 925 288 978 ipsum
315 926 509 980 pileolum
535 927 775 968 continuata.

264 1004 410 1045 Variae
437 1008 531 1045 sunt
557 1008 780 1044 structurae
806 1010 846 1045 et
873 1007 1004 1047 denuo
1032 1008 1313 1049 observandae.

266 1082 368 1122 Cum
423 1080 664 1133 epidermide
719 1082 895 1123 detracta
947 1097 1029 1125 non
1085 1099 1177 1126 raro
1236 1086 1384 1138 optime
1443 1099 1502 1126 se-

157 1159 314 1200 cedunt.

159 1348 266 1396 125.
332 1343 562 1409 Papillae
593 1350 710 1392 sunt
742 1343 950 1395 cellulae
984 1347 1383 1416 parenchymatis
1418 1366 1502 1396 su-

350 1451 446 1499 pra
479 1431 829 1498 epidermidem
858 1432 1093 1497 elevatae,
1131 1453 1222 1484 nec
1255 1454 1355 1484 non
1384 1435 1501 1485 sub-

348 1521 463 1570 inde
489 1519 836 1585 prolongatae.

267 1656 444 1699 Cellulae
480 1656 530 1695 de
566 1654 708 1708 quibus
735 1667 842 1695 nunc
869 1668 1001 1696 Sermo
1036 1661 1116 1706 est,
1153 1657 1386 1709 epidermidi
1420 1671 1502 1697 non

157 1735 366 1788 impositae
395 1737 499 1783 sunt,
526 1733 599 1772 sed
627 1744 678 1772 ex
706 1731 793 1783 ipsa
819 1732 910 1772 hinc
937 1733 1029 1773 inde
1054 1734 1298 1786 prominent,
1345 1738 1384 1774 et
1411 1734 1501 1774 inde

157 1813 407 1866 superficiem
434 1809 681 1863 inaequalem
707 1810 1002 1850 tuberculosam
1031 1812 1212 1852 reddunt.

265 1900 411 1942 Variae
436 1901 530 1938 sunt
557 1898 727 1945 formae,
760 1897 969 1948 globosae,
999 1899 1303 1950 semiglobosae‚
1332 1901 1502 1952 pyrifor-

157 1992 253 2028 mes,
280 1978 322 2018 in
348 1976 498 2030 pileum
526 1974 643 2015 etiam
670 1977 865 2025 septatum
885 1975 1089 2026 abeuntes,
1117 1977 1186 2030 qui
1211 1990 1308 2016 vero
1336 1977 1385 2016 ab
1414 1977 1500 2016 aliis

157 2056 248 2109 pilis
275 2055 387 2107 apice
416 2053 668 2094 obtusissimo
704 2051 899 2091 differunt.
960 2051 1054 2092 Non
1090 2066 1182 2094 raro
1217 2054 1379 2093 materia
1409 2067 1501 2106 gru-

157 2146 271 2175 mosa
297 2130 551 2184 granulisque
579 2130 749 2170 refertae
776 2131 878 2169 sunt.

265 2221 312 2260 In
339 2220 520 2271 stigmate
547 2216 778 2270 praesertim
805 2215 1066 2269 reperiuntur,
1091 2229 1168 2257 nec
1193 2230 1276 2258 non
1305 2218 1345 2258 in
1374 2220 1500 2258 canali

157 2297 393 2353 stigmatico.

267 2376 314 2415 In
340 2372 482 2426 petalis
511 2385 670 2425 quoque
699 2372 927 2423 frequentes
959 2375 1071 2421 sunt,
1098 2372 1207 2411 varia
1233 2371 1498 2423 prominentia

161 2458 202 2495 et
228 2428 349 2504 saepe
382 2454 522 2502 parum
549 2462 572 2489 e
599 2447 811 2500 superficie
847 2461 1035 2488 emersae.
1091 2449 1193 2488 Hinc
1226 2447 1332 2488 nitor
1364 2452 1498 2499 gratus

162 2529 402 2571 coi-ollarum
441 2531 482 2567 et
519 2526 554 2566 si
594 2525 711 2577 plane
750 2525 938 2566 deficiunt
973 2525 1093 2566 facies
1127 2525 1287 2566 sordida
1319 2525 1496 2567 corollae

162 2604 413 2660 Plantaginis.
