1592 2924
790 122 846 166 32

145 234 391 287 divergentes
428 239 468 276 et
498 235 602 287 parti
638 234 761 286 magis
797 235 1006 288 minusque
1046 234 1223 288 appressi
1278 234 1345 288 (p.
1375 236 1490 276 steL‘

143 313 283 364 lata).
1348 300 1351 303 ’

252 407 458 459 EJusmodi
475 406 547 459 pili
569 405 744 459 undique
762 406 1011 458 divergentes
1026 407 1202 459 appressi
1233 409 1272 446 et
1298 406 1340 445 in
1366 419 1488 446 mem-

143 485 307 525 branam
348 485 507 524 connati
543 483 823 537 squamulas
865 483 1099 525 stellatas
1149 484 1345 533 efficiunt,
1385 496 1487 536 quae

141 562 382 614 marginibus
408 562 667 602 cohaerentes
682 560 949 601 membranam
963 567 1189 614 argenteam
1212 562 1367 611 sistunt,
1391 560 1487 601 folia

142 640 341 680 interdum
375 652 453 680 nec
486 651 569 679 non
612 637 765 678 caulem
800 638 1085 679 investientem.
1153 638 1411 679 Inveniuntur
1445 638 1487 678 in

143 717 256 759 Gisto
281 720 500 771 squamato,
527 715 677 756 Solano
704 720 893 770 argenteo
922 721 996 758 etc.

252 822 328 863 Pili
354 821 437 862 bini
462 821 548 861 basi
574 822 756 873 appositi,
785 823 826 863 in
853 823 1038 875 regiones
1054 821 1269 862 contrarias
1283 820 1391 861 versi
1418 833 1485 871 ap-

140 893 289 953 pressi‚
326 899 619 940 fusiformes
653 904 868 951 vocantur,
907 900 999 954 quia
1025 900 1187 940 unicum
1221 898 1334 952 quasi
1360 898 1485 949 pilum

140 978 313 1018 formant
357 977 622 1028 fusisormem‚
670 977 831 1030 plantae
872 977 1164 1019 incumbentem
1207 974 1486 1028 (Malpighiae‚

139 1055 400 1095 Cheiranthus
428 1054 561 1095 cheiri
590 1053 698 1104 eta).
1395 1045 1398 1048 ’
1434 1043 1438 1048 ’

249 1154 488 1207 Plerumque
515 1153 697 1206 sparsi,
725 1154 924 1194 interdum
938 1167 1036 1196 vero
1063 1155 1370 1208 regulariter
1392 1152 1486 1192 dis-

137 1231 292 1285 positi
319 1231 576 1283 reperiuntur
599 1231 682 1284 pili,
713 1231 947 1284 praesertim
974 1232 1017 1273 in
1042 1233 1154 1273 flore.

246 1337 293 1377 In
309 1336 491 1378 omnibus
509 1337 594 1377 fere
616 1337 795 1388 partibus
811 1338 1084 1387 inveniuntur;
1111 1338 1402 1392 frequentiores
1429 1342 1486 1378 ta-

137 1426 230 1456 men
245 1413 289 1454 in
309 1413 488 1466 partibus
515 1413 707 1454 viridibus
734 1414 792 1454 uti
818 1416 1009 1466 stomatia,
1037 1428 1114 1456 nec
1141 1429 1223 1457 non
1250 1416 1485 1469 plerumque

137 1492 429 1546 frequentiores
437 1490 576 1531 suntin
582 1491 726 1543 pagina
740 1491 930 1533 foliorum
937 1493 1126 1534 inferiore
1137 1507 1256 1547 quam
1265 1494 1483 1545 superiore.

137 1569 220 1617 Sed
234 1581 383 1610 nervos
397 1581 558 1622 quoque
575 1573 615 1609 et
630 1569 704 1610 hos
717 1571 932 1623 praecipue
946 1574 1094 1623 tegunt.
1132 1572 1179 1612 In
1194 1571 1327 1611 radice
1341 1570 1484 1611 bulbos

136 1659 221 1689 non
246 1647 392 1687 habent
417 1658 495 1687 nec
522 1650 648 1699 septa,
674 1646 878 1699 longiores
904 1652 946 1688 et
965 1648 1174 1700 cylindrici
1200 1652 1399 1700 apparent,
1427 1648 1487 1687 in-

136 1726 295 1766 terdum
338 1725 425 1765 fere
469 1724 612 1765 clavati
650 1725 700 1764 ad
741 1725 980 1778 papillarum
1025 1726 1194 1767 formam
1238 1726 1484 1767 accedentes.

137 1803 258 1857 Quod
283 1815 443 1856 quoque
470 1802 513 1842 in
534 1802 783 1854 stigmatibus
810 1816 894 1844 non
920 1816 1014 1844 raro
1033 1804 1187 1854 accidit,
1214 1804 1269 1844 ita
1294 1809 1340 1844 ut
1366 1818 1390 1844 a
1416 1817 1486 1856 pa-

138 1880 246 1934 pillis
273 1880 343 1921 vix
379 1880 606 1931 distinguas
670 1879 765 1920 Non
800 1894 893 1921 raro
929 1881 971 1921 in
1006 1894 1088 1922 una
1122 1882 1338 1935 eademque
1370 1885 1483 1934 parte

138 1957 211 2011 pili
236 1958 369 1999 variae
397 1958 550 1997 formae
579 1957 781 1997 commixti
805 1958 1071 2010 reperiuntur,
1099 1958 1302 2011 longiores
1330 1962 1370 1998 et
1396 1958 1485 1998 bre-

137 2037 291 2086 viores,
318 2049 403 2076 non
429 2035 574 2088 septati
601 2039 642 2076 et
667 2035 853 2085 floccosi,
878 2036 1013 2077 laeves
1042 2041 1081 2077 et
1106 2036 1320 2089 glochidei,
1359 2035 1484 2088 patuli

139 2117 179 2153 et
206 2113 397 2166 appressi,
427 2117 466 2153 et
493 2113 551 2153 sic
578 2126 715 2166 porro.
771 2113 817 2152 In
838 2113 1065 2164 junioribus
1092 2114 1269 2167 partibus
1298 2114 1484 2166 frequen-

137 2190 262 2231 tiores
290 2195 394 2240 sunt,
423 2191 558 2231 forsan
585 2190 678 2244 quia
703 2190 833 2231 minus
851 2191 1083 2243 explicatae.
1125 2191 1194 2232 Sic
1221 2203 1381 2245 quoque
1409 2192 1487 2231 fre-

138 2268 386 2321 quentissimi
416 2269 458 2307 in
493 2268 606 2320 gallis
635 2269 886 2322 quibusdam,
942 2284 975 2312 e.
1004 2285 1041 2324 g.
1070 2269 1243 2312 Hieracii
1269 2282 1486 2319 murorum,

111 2375 113 2377 >
140 2346 233 2400 quia
264 2350 399 2399 partes
434 2347 476 2386 in
511 2347 572 2387 his
609 2348 862 2388 coadunatae.
928 2348 972 2388 In
997 2348 1175 2401 partibus
1200 2347 1416 2388 submersis
1446 2351 1485 2387 et

138 2423 246 2464 foliis
273 2424 500 2464 natantibus
525 2425 644 2477 plane
673 2426 826 2466 desunt.

245 2517 392 2558 Filices
425 2531 509 2558 non
543 2531 637 2559 raro
663 2519 770 2571 pilos
797 2520 960 2569 habent,
997 2532 1146 2572 eosque
1178 2531 1297 2571 saepe
1324 2519 1482 2559 densos.

139 2593 294 2647 Singuli
320 2599 472 2637 tantum
498 2595 755 2638 inveniuntur
782 2597 824 2638 in
839 2596 1006 2648 Muscis,
1035 2611 1070 2638 e.
1098 2610 1134 2650 g.
1164 2597 1204 2638 in
1220 2597 1395 2650 apicibus
1423 2598 1485 2638 fo-

1585 2602 1592 2784 a

1582 2785 1592 2900 l

1582 2893 1592 2924 rh
