1682 2938
922 127 1005 168 340

398 231 443 270 In
471 231 625 272 cellulis
654 232 789 285 quales
815 235 936 287 vulgo
971 242 1187 278 occurrunt
1212 239 1427 293 mucihgo,
1474 223 1630 284 saccha-

287 321 385 357 rum,
414 308 597 360 amylum,
625 309 926 362 albuminosum,
956 314 1088 354 oleum
1115 315 1261 367 pingue
1279 322 1364 367 etc„
1392 332 1629 372 praeparan-

286 388 361 433 tur,
392 389 474 425 tum
503 399 659 439 quoque
687 388 877 429 ulteriore
893 393 1195 442 praeparatione
1212 395 1479 435 extractivum.
1509 398 1629 437 Chlo-

284 462 510 514 rophyllum
543 463 584 502 in
621 465 804 504 vesiculis
840 468 1023 519 proprias
1060 469 1162 509 intra
1197 470 1360 511 cellulas
1394 474 1625 525 secernitur,

283 539 426 588 resina,
452 539 584 579 oleum
610 542 836 582 aethereum
864 548 903 583 et
931 546 1208 596 gummiresina
1235 547 1340 586 intra
1369 549 1530 589 cellulas
1556 565 1626 603 pe-

282 616 439 655 culiaris
469 618 788 658 constructionis.
829 620 1156 673 Chlorophyllum
1173 625 1412 674 oxydatione
1442 630 1509 665 aut
1537 628 1625 666 des-

280 693 520 744 oxydatione
551 695 706 734 colores
733 696 921 736 foliorum
950 699 1108 739 efficere
1135 700 1305 750 videtur,
1335 704 1623 744 combinatione

279 784 369 809 cum
399 784 500 823 aqua
529 771 684 811 colores
712 773 854 812 florum
882 775 975 823 (cfr.
1002 774 1038 828 ἓ.
1059 775 1158 827 44.)
1213 778 1259 817 In
1286 779 1495 830 superficie
1525 794 1623 832 quo-

277 842 369 900 que
390 848 532 898 pruina
569 852 608 887 et
643 862 735 888 cera
764 850 965 902 colligitur
991 854 1259 903 (Wahlenb
1272 868 1365 907 erg.
1405 856 1440 895 d.
1468 858 1620 897 sedib.

274 925 525 964 materiar.
569 925 832 966 immediat.
890 928 995 979 Lips.
1032 928 1151 970 1806.
1194 929 1311 971 1807.
1377 931 1619 973 Senebier

273 1001 490 1052 Physiol.
518 998 675 1053 veget.
705 1002 769 1043 24.
787 1002 922 1054 424),
951 1006 1095 1058 aliique
1116 1007 1236 1058 succi,
1269 1007 1335 1060 qui
1362 1009 1518 1048 nonnisi
1550 1023 1619 1048 ex-

271 1078 480 1117 sudatione
519 1079 711 1118 oriuntur.
782 1081 925 1120 Oleum
964 1084 1191 1123 aethereum
1237 1084 1391 1137 aliaque
1424 1086 1616 1137 principia

273 1156 458 1194 aetherea
485 1169 558 1206 per
585 1169 753 1207 vapores
783 1171 930 1210 aqueos
959 1159 1199 1211 dissipantur
1226 1164 1264 1200 et
1293 1161 1438 1201 odores
1465 1162 1615 1214 planta-

270 1245 358 1270 rum
391 1232 481 1271 inde
511 1232 703 1283 oriuntur,
731 1233 890 1285 plantae
920 1236 1125 1287 regionum
1154 1237 1368 1277 calidarum
1397 1242 1436 1278 et
1463 1239 1614 1289 aprica-

207 1292 211 1296 ’
268 1321 357 1347 rum
386 1309 509 1359 magis
539 1310 649 1349 olent
679 1324 794 1362 quam
824 1312 1064 1363 frigidarum.
1120 1314 1198 1353 Sed
1227 1318 1319 1354 sunt
1347 1316 1612 1367 exceptiones.

267 1386 376 1425 Vidit
409 1385 581 1425 Nocca
616 1387 872 1427 Calendulam
908 1390 948 1428 in
984 1391 1158 1431 caldario
1195 1392 1358 1431 odorem
1393 1393 1613 1443 perdidisse

266 1463 454 1513 (Usteri
486 1462 604 1503 Ann.
640 1465 676 1504 d.
713 1465 820 1505 Bot.
854 1465 892 1505 5.
920 1466 958 1506 8.
989 1471 1028 1506 et
1056 1467 1143 1518 10.)
1180 1472 1218 1507 et
1254 1481 1327 1520 ego
1363 1469 1612 1509 Marrubium

263 1540 428 1592 vulgare
458 1541 498 1580 in
527 1540 727 1580 Lusitania
755 1541 966 1582 inodorum
995 1545 1212 1584 observavi.

373 1617 592 1668 Singularis
623 1623 681 1657 est
710 1619 881 1659 secretio
912 1620 1103 1660 calcariae
1136 1621 1368 1662 carbonicae
1394 1622 1436 1661 in
1460 1622 1608 1672 Charis,

260 1692 372 1746 Algis
411 1695 642 1747 quibusdam
683 1709 758 1735 nec
800 1709 882 1735 non
919 1697 961 1735 in
1003 1697 1306 1749 amphispermio
1343 1699 1609 1750 Lithospermi

262 1771 473 1811 officinalis
503 1772 749 1812 observanda
776 1773 883 1822 (Ed.
913 1773 1027 1813 Phil.
1053 1775 1078 1812 J
1087 1787 1223 1814 ourn.
1252 1775 1362 1814 XIII.
1391 1774 1489 1824 24).
1545 1775 1607 1813 Si-

258 1849 342 1889 mul
380 1860 537 1901 quoque
573 1849 710 1889 Silicia
744 1849 982 1899 secernitur,
1032 1851 1139 1902 quod
1181 1852 1297 1891 etiam
1338 1852 1379 1890 in
1414 1851 1605 1903 Equiseto

259 1926 346 1966 fieri
376 1927 499 1967 solet..

366 2002 472 2043 Num
508 2016 605 2044 vero
636 2002 830 2054 ejusmodi
865 2004 997 2055 oxyda
1024 2004 1292 2054 metallorum,
1335 2004 1393 2044 uti
1421 2004 1602 2053 calearia,

255 2079 381 2119 silicia
409 2084 483 2120 etc.
513 2094 588 2121 nee
615 2094 698 2121 non
726 2081 832 2130 ferri,
856 2081 1038 2132 mangani
1054 2084 1122 2120 aut
1147 2081 1259 2133 cupri
1277 2082 1409 2133 oxyda
1428 2081 1468 2120 in
1491 2081 1602 2132 plan-

256 2157 305 2197 tis
343 2157 439 2195 oriri
475 2159 650 2208 possint,
692 2158 949 2198 dubitandum
984 2161 1055 2197 est.
1112 2158 1402 2210 Experimentis
1430 2158 1601 2209 probare

253 2234 490 2273 studuerunt
519 2235 764 2274 Schrader
793 2239 831 2274 et
858 2234 1112 2274 Neumann
1156 2235 1320 2284 (Zwei
1351 2234 1598 2274 Preissch.

252 2311 322 2350 tib.
360 2311 395 2350 d.
436 2311 635 2362 eigentl.
672 2312 1018 2351 Beschaffenh.
1052 2325 1091 2351 u.
1126 2312 1331 2362 Erzeug.
1373 2311 1408 2350 d.
1445 2310 1596 2362 erdig.
1657 2298 1660 2302 ’

250 2388 629 2428 Bestandtheile
666 2389 715 2427 in
749 2390 842 2428 den
871 2388 1276 2438 Getreidearten,
1320 2375 1426 2426 Berl.
1457 2385 1596 2435 1800),

250 2465 315 2503 eui
355 2465 473 2504 addas
515 2465 819 2512 Braconnot;
875 2465 1145 2515 experimenta
1195 2465 1340 2515 (Ann.
1378 2464 1414 2503 d.
1449 2463 1592 2503 Chim.

249 2540 314 2583 61.
342 2541 433 2582 187.
491 2541 725 2581 Gchlen⁷s
752 2543 919 2582 Journ.
949 2542 985 2581 d.
1015 2542 1169 2581 Chem.
1197 2541 1236 2581 9.
1268 2540 1392 2591 136.).
1552 2534 1554 2536 V

358 2619 658 2671 Evaporatio
696 2619 746 2658 ad
783 2618 1029 2659 excretiones
1063 2618 1246 2670 pertinet.
1302 2617 1593 2670 Transpiratio-
