1682 2938
925 137 1006 180 236

298 243 613 293 pronuntiarunt.
670 246 917 287 Linnaeus
943 261 1040 288 vero
1069 261 1152 288 rem
1180 247 1235 289 ita
1250 250 1434 302 exposuit
1464 251 1637 303 (Spon-

299 319 425 358 salia
458 319 516 372 pl.
546 320 643 362 Am.
682 335 747 362 ac.
783 323 890 363 Vol.
916 322 952 364 1.
989 325 1151 365 Sexus
1189 326 1248 377 pl.
1283 327 1360 367 ibd.
1389 327 1438 367 V.
1465 326 1551 378 10.)
1595 333 1638 369 ut

298 395 513 449 plerosque
542 398 757 439 Botauicos
785 399 826 439 in
862 413 974 440 suam
1001 401 1165 441 traxerit
1187 403 1431 443 sententiam.
1484 403 1660 444 Adver-.

299 472 424 512 sarios
452 472 585 514 habuit
612 474 653 514 in
669 475 742 515 hac
770 490 814 516 re
829 475 1133 527 Alstonium,
1161 479 1511 530 Pontederam,
1540 481 1638 521 Sie-

297 549 613 600 gesbeckium
655 550 842 605 aliosque.
927 540 1314 606 Spallanzanius
1357 556 1636 608 experimentis

297 625 439 666 ductus
471 626 589 666 dubia
623 628 813 679 quaedam
847 631 1056 681 proposuit
1083 635 1220 671 contra
1246 634 1346 672 hanc
1384 630 1636 681 sententiam3

297 701 441 742 vidisse
476 703 531 742 ait
564 703 604 743 in
633 704 809 744 Cannabi
837 706 988 746 semina
1024 721 1106 747 non
1134 709 1343 748 fecundata
1370 710 1635 760 germinantia.

296 777 513 830 Nuperiori
547 783 726 831 tempore
762 782 1063 823 Schelverus
1117 785 1312 835 (Kritik
1347 786 1382 825 d.
1412 787 1569 826 Lehre
1598 799 1634 826 v.

297 855 334 894 d.
369 854 768 896 Geschlechtern
811 859 848 897 d.
885 860 1109 909 Pflanze,
1158 861 1334 900 Heidelb.
1371 860 1498 910 1812)
1536 863 1636 902 hanc

294 931 514 970 doctrinam
554 932 673 984 plane
708 935 857 984 rejecit.
927 936 1027 975 Cum
1063 937 1284 988 ignorasset
1312 937 1635 977 Koelreuteri

295 1007 565 1058 experimenta
592 1009 641 1048 de
668 1009 811 1061 plantis
838 1012 1032 1062 hybridis,
1077 1016 1116 1052 et
1146 1012 1367 1052 admonitus
1395 1015 1531 1064 fuerit,
1568 1016 1634 1054 ad-

288 1084 389 1133 jecit
424 1084 739 1124 continuationes
785 1087 938 1136 (Erst.
974 1089 1215 1129 Fortsetz.
1250 1089 1343 1129 ibd.
1379 1089 1497 1130 1814.
1543 1091 1631 1130 Zw.

295 1161 456 1200 Forts.
475 1160 614 1211 1823.)
641 1162 782 1214 quibus
806 1164 960 1215 species
988 1178 1111 1206 novas
1126 1169 1252 1215 vocat,
1281 1178 1376 1219 quas
1394 1165 1460 1205 alii
1480 1166 1633 1218 plantas

293 1237 489 1288 hybridas.
547 1239 712 1279 Terram
739 1253 845 1290 esse,
889 1254 990 1293 quae
1017 1241 1167 1281 semina
1200 1243 1401 1291 fecundet,
1443 1242 1634 1294 pollinem

292 1327 389 1354 vero
425 1315 594 1355 retinere
630 1320 779 1357 tantum
821 1316 951 1356 nisum
994 1317 1244 1358 formativum
1279 1319 1321 1358 in
1357 1319 1527 1370 partium
1564 1320 1633 1359 flo-

294 1392 348 1431 ris
394 1391 658 1443 incremento,
713 1398 758 1433 ut
804 1407 894 1434 sese
946 1395 996 1433 ad
1044 1395 1192 1435 semina
1249 1399 1463 1436 convertat.
1538 1395 1632 1447 Opi-

292 1469 456 1508 nionum
484 1474 706 1509 commenta
733 1470 838 1509 delet
865 1470 966 1511 dies!
1014 1473 1115 1511 Tum
1141 1471 1468 1512 Henschelius
1496 1472 1631 1522 (Von

291 1546 328 1585 d.
365 1546 650 1586 Sexualitat
685 1547 721 1586 d.
759 1547 1019 1597 Pssanzen,
1054 1548 1180 1588 Bresl.
1219 1547 1359 1597 1820.)
1401 1548 1631 1589 Schelve-

292 1635 394 1661 rum
418 1626 578 1662 secutus
607 1624 877 1663 demonstrare
905 1628 1070 1664 conatus
1099 1629 1170 1674 est,
1197 1625 1386 1676 pollinem
1404 1625 1444 1663 in
1459 1625 1630 1676 permul-

291 1699 339 1738 tis
380 1698 523 1749 plantis
566 1699 715 1737 semina
749 1700 916 1739 fecunda
949 1702 1242 1751 proferentibus
1284 1702 1334 1741 ad
1375 1701 1517 1752 stigma
1550 1714 1630 1740 non

289 1775 510 1826 pervenire.
565 1775 710 1826 ReJicit
742 1781 883 1815 auctor
912 1781 979 1816 aut
1017 1777 1150 1828 potius
1179 1777 1346 1828 respuit,
1388 1778 1630 1817 fecundatio-

289 1865 381 1891 nem
407 1864 480 1903 per
507 1851 673 1900 insecta,
711 1856 889 1902 ventum,
932 1853 1085 1905 aliaque
1120 1852 1266 1892 auxilia
1294 1857 1476 1902 externa,
1521 1856 1628 1906 quod

289 1935 397 1969 certe
425 1941 507 1968 non
534 1929 694 1977 faceret,
722 1928 756 1967 si
780 1929 944 1969 vidisset
971 1933 1030 1969 tot
1059 1929 1327 1981 experimenta
1355 1930 1403 1969 de
1422 1931 1627 1971 Orchideis

289 2006 330 2045 in
360 2005 553 2045 Oaldariis
581 2009 694 2056 capta
721 2018 821 2057 quae
849 2019 1060 2058 numquam
1087 2006 1367 2057 fecundantur,
1403 2006 1479 2046 nisi
1507 2008 1628 2047 mani-

288 2084 360 2122 bus
407 2085 484 2122 tuis
525 2082 734 2134 pollinaria
775 2081 815 2121 in
856 2082 1034 2123 canalem
1073 2083 1333 2134 stigmaticum
1376 2083 1623 2123 demerseris.

286 2160 486 2199 Fortassis
538 2158 709 2198 taedium
764 2158 894 2198 attulit
942 2159 1249 2199 Henschelio
1293 2172 1393 2211 opus
1437 2161 1500 2199 Ch
1510 2174 1539 2199 r.
1581 2161 1624 2199 G-

286 2235 586 2288 Sprengelii:
627 2236 721 2274 Das
756 2236 1027 2275 entdeckte
1057 2236 1368 2275 Geheimniss
1408 2236 1445 2276 d.
1475 2236 1628 2276 Natur

286 2314 347 2352 im
375 2313 475 2351 Bau
503 2326 542 2351 u.
571 2313 910 2364 Besruchtung
938 2313 973 2352 d.
1002 2313 1226 2363 Blumen,
1263 2312 1398 2353 Berlin
1426 2312 1551 2363 1793,
1585 2313 1623 2354 4.

287 2389 445 2441 elegans
482 2389 638 2440 quidem
679 2393 719 2428 et
754 2402 834 2428 non
871 2389 955 2428 sine
990 2390 1104 2429 bonis
1146 2389 1487 2429 observationibus
1528 2389 1625 2429 scri-

286 2471 415 2519 ptum,
451 2466 520 2505 sed
554 2465 689 2516 lapsus
727 2469 788 2505 est
815 2466 1142 2517 Sprengelius
1177 2467 1279 2516 (non
1306 2467 1516 2506 Professor
1544 2467 1620 2505 Ha-

285 2543 405 2584 lensis
433 2541 732 2591 celeberrimus)
759 2542 800 2582 in
829 2555 878 2582 eo
906 2544 1013 2595 quod
1042 2556 1198 2583 omnem
1220 2542 1538 2583 secundationem
1565 2542 1622 2581 in-
