1682 2938
897 143 982 185 358

271 255 377 303 154.
443 256 612 302 Motus
647 251 910 301 ostendunt
940 250 1065 300 aliae
1094 249 1294 315 plantae
1327 254 1412 298 aut
1440 252 1609 298 incon-

463 345 650 390 stantes
661 376 676 402 ,
731 358 822 389 nec
873 339 1155 405 periodicos
1208 343 1294 385 aut
1338 340 1611 386 irritatione

440 489 442 491 v
466 434 676 477 externa
709 428 995 493 productos.

376 540 625 591 Hedysarum
659 553 805 592 gyrans
839 540 974 592 planta
1009 539 1048 578 in
1075 538 1276 590 paludosis
1306 535 1517 588 Bengaliae
1546 548 1614 574 na-

269 630 382 658 scens
408 631 482 670 per
508 617 689 657 Pohlium
717 631 822 658 anno
849 615 955 658 1777
985 616 1154 667 primum
1191 614 1362 654 innotuit
1397 613 1613 662 (Samml.

271 708 305 734 z.
333 695 515 746 Physik
538 708 577 736 u.
594 692 919 746 Naturgesch.
950 692 986 732 1.
1017 689 1140 742 562.)
1176 691 1289 731 Folia
1317 691 1433 730 habet
1453 694 1614 738 ternata,

271 771 453 810 foliolum
480 771 684 811 terminale
713 771 838 810 multo
867 771 991 820 majus
1020 769 1181 820 reliquis
1209 781 1291 807 non
1317 772 1511 815 movetur,
1538 766 1615 805 nisi

272 861 413 887 somno
443 830 690 895 deflectatur3
726 847 903 886 lateralia
931 846 1054 885 multo
1083 845 1251 893 minora,
1281 845 1373 883 dum
1399 843 1532 895 planta
1558 843 1616 882 vi-

271 929 355 976 get,
397 924 630 976 praesertim
667 902 900 975 temp-estate
937 922 1064 962 calida
1092 925 1131 960 et
1165 921 1323 959 humida
1358 920 1398 959 in
1426 920 1614 959 continuo

272 1005 385 1040 motu
414 1005 523 1049 sunt,
552 1005 631 1040 tam
660 1000 831 1040 interdiu
861 1013 976 1053 quam
1004 1003 1135 1046 noctu,
1166 1011 1254 1036 cum
1282 997 1501 1036 terminalia
1527 997 1617 1036 dor-

271 1078 406 1117 miunt.
462 1078 600 1117 Motus
628 1077 741 1117 valde
770 1077 971 1128 regulares
999 1080 1101 1124 sunt,
1130 1075 1374 1114 adscendunt
1403 1078 1441 1113 et
1456 1074 1618 1112 descen-

275 1155 372 1194 dunt
401 1154 539 1195 foliola
569 1155 681 1194 citius
709 1155 878 1205 tardius,
922 1166 995 1205 per
1029 1153 1191 1203 longum
1219 1155 1287 1190 aut
1316 1151 1435 1190 breve
1463 1154 1618 1201 tempus

274 1233 316 1271 in
342 1233 484 1272 eodem
511 1236 617 1272 statu
639 1235 882 1284 permanent.
941 1230 984 1270 Si
1001 1229 1201 1270 dormiunt
1220 1227 1449 1275 terminalia,
1477 1226 1620 1265 latera-

274 1310 328 1349 lia
357 1322 515 1362 quoque
543 1309 636 1348 dum
651 1309 859 1362 quiescunt
873 1308 1147 1347 deflectuntur.
1177 1303 1484 1345 Somnambulos
1502 1301 1621 1353 igitur

278 1386 410 1426 dicere
437 1386 542 1426 licet.

387 1463 563 1503 Similem
591 1466 741 1503 motum
768 1462 808 1501 in
825 1461 925 1514 Alga
954 1461 1119 1513 quadam
1149 1457 1403 1499 Oscillatoria
1418 1455 1622 1496 Adansoni

276 1541 471 1580 Vaueher.
499 1540 668 1591 primuni
703 1540 800 1579 vidit
828 1539 1058 1578 Adanson
1086 1533 1244 1587 (Mem.
1275 1536 1311 1575 d.
1341 1534 1460 1573 l’Ac.
1490 1534 1525 1573 d.
1556 1545 1620 1572 sc.

278 1617 396 1657 1767.
417 1631 454 1668 p.
471 1616 586 1667 564.)
615 1622 698 1656 tum
715 1618 761 1656 O.
776 1617 820 1655 F.
835 1616 881 1655 M
891 1618 912 1654 ii
925 1615 1039 1663 ller,
1066 1615 1101 1654 J.
1120 1613 1167 1653 A.
1183 1613 1396 1652 Scherer
1425 1615 1464 1649 et
1492 1610 1622 1648 denuo

277 1694 508 1734 Vaucher
561 1695 709 1742 (nist.
755 1694 793 1733 d.
833 1692 1062 1731 Conferv.
1105 1690 1244 1730 d’eau
1282 1689 1435 1728 douce
1473 1682 1623 1725 Genev.

277 1772 395 1813 1813.
431 1785 468 1822 p.
494 1769 617 1819 163.)
688 1769 827 1808 Flocci
869 1768 996 1807 teneri
1037 1767 1213 1818 apicibus
1249 1765 1389 1804 eodem
1423 1767 1535 1802 motu
1577 1775 1624 1801 ac

277 1850 527 1902 Hedysarum
554 1859 698 1899 gyrans
734 1850 960 1893 moventur,
997 1841 1221 1894 irregulari,
1257 1841 1418 1879 horsum
1450 1851 1624 1887 vorsum,

280 1927 396 1967 citius
435 1925 583 1965 tardius
621 1923 836 1971 movendo,
884 1926 922 1961 et
966 1934 1038 1972 per
1072 1919 1229 1959 brevius
1270 1916 1427 1968 longius
1472 1919 1626 1966 tempus

282 2003 537 2056 quiescendo.

387 2081 525 2120 Motus
571 2078 748 2118 internus
793 2076 1005 2116 fluidorum
1040 2077 1119 2112 tam
1166 2072 1207 2110 in
1249 2070 1426 2110 articulis
1463 2069 1626 2117 Charae,

281 2171 399 2211 quam
427 2157 467 2196 in
495 2155 649 2196 cellulis
678 2155 727 2193 de
756 2166 835 2206 quo
863 2151 899 2206 ξ.
917 2151 989 2199 45,
1025 2163 1101 2195 nec
1134 2162 1215 2188 non
1251 2148 1292 2186 in
1319 2146 1425 2186 vasis
1453 2145 1626 2197 propriis

280 2236 330 2274 de
359 2246 438 2287 quo
466 2231 501 2286 ξ.
518 2232 571 2272 52
600 2245 690 2271 cum
717 2231 797 2270 illis
826 2229 995 2269 motibus
1013 2226 1185 2266 externis
1206 2222 1495 2276 irregularitate
1510 2221 1628 2274 plane

283 2310 536 2352 conveniunt.

390 2388 507 2427 Post'
536 2385 795 2425 irritationem
845 2385 1052 2421 moventur
1094 2379 1190 2419 folia
1225 2378 1420 2418 Mimosae
1463 2374 1630 2426 pudicae

282 2464 516 2517 praesertim
544 2467 635 2515 post
661 2459 971 2501 concussionem.
1035 2455 1192 2496 Foliola
1219 2466 1389 2506 superne
1419 2444 1631 2492 connivent

284 2541 435 2594 paginis
470 2540 740 2592 superioribus
776 2537 849 2578 sibi
886 2534 1106 2587 applicatis,
1150 2536 1355 2583 totumque
1396 2528 1534 2568 folium
1563 2528 1631 2566 de-

286 2618 467 2657 flectitur.
539 2617 812 2656 Consuescere
848 2614 1017 2664 plantam
1055 2608 1310 2650 concussioni
1345 2603 1629 2646 Desfoutai-
1681 2611 1682 2630 ¹
