1682 2938
881 135 936 176 66

253 248 394 288 riferae
423 250 533 295 sunt,
577 246 617 285 in
647 243 826 285 Stellatis
864 259 962 286 vero
998 247 1098 285 duae
1135 247 1360 297 oppositae,
1403 250 1447 285 ut
1482 247 1598 298 igitur

252 323 443 376 pleraque
474 320 571 362 folia
599 323 648 362 ad
667 320 834 374 stipulas
851 324 1002 362 referre
1033 323 1173 374 possis.
1231 324 1274 361 ln
1302 323 1472 362 Labiatis
1501 321 1599 363 axil-

252 400 316 440 lae
347 400 555 452 oppositae
584 400 783 439 floriferae
813 404 917 449 sunt,
947 400 985 438 in
1013 398 1374 452 Caryophyllaceis
1391 397 1600 440 axillarum

251 478 524 529 oppositarum
560 480 786 516 constanter
819 489 898 515 una
936 477 1219 516 tantummodo.
1305 477 1350 516 111
1377 477 1435 516 his
1465 491 1598 518 ramus

253 555 399 594 floreus
443 553 550 593 nodo
601 553 723 592 caulis
769 554 988 593 incrassato
1033 553 1242 605 absorptus
1285 554 1452 594 videtur.
1526 555 1600 594 Hic

253 631 541 670 anthemiorum
568 629 665 669 situs
693 630 888 670 interdum
918 629 1123 670 ordinibus
1152 631 1395 670 naturalibus
1423 631 1600 671 solennis

254 711 332 756 est,
373 711 417 746 ut
446 720 495 745 ex
525 712 639 745 antea
667 706 780 746 dictis
808 711 934 758 patet,
973 707 1172 746 interdum
1200 707 1377 758 minime,
1406 721 1496 747 nam
1524 708 1602 747 Ve-

255 783 392 823 ronica
426 782 629 834 Anagallis
668 783 914 835 pedunculos
950 783 1068 823 habet
1102 783 1324 835 oppositos,
1362 784 1488 823 affinis
1523 785 1603 824 Ve-

256 860 393 900 ronica
421 860 630 899 scutellata
658 860 832 900 alternos
863 861 966 899 inter
994 859 1090 899 folia
1119 861 1313 912 opposita.

365 991 593 1030 Secundum
621 995 776 1043 tempus
811 991 1086 1031 florescentiae
1123 991 1259 1042 planta
1287 991 1522 1043 regulariter
1549 991 1603 1030 ita

256 1069 392 1117 floret,
425 1072 469 1106 ut
498 1067 621 1106 caulis
649 1071 739 1106 ante
765 1080 916 1116 ramOS,
951 1079 1083 1108 ramus
1111 1068 1319 1119 primarius
1347 1072 1436 1107 ante
1465 1081 1605 1108 secun-

257 1145 389 1183 darios
424 1156 497 1182 seu
532 1142 715 1182 laterales
752 1144 872 1183 flores
906 1144 1069 1183 emittat.
1125 1144 1170 1183 In
1199 1145 1339 1184 eodem
1367 1144 1498 1193 caule,
1544 1157 1606 1182 ra-

257 1234 372 1261 move
403 1220 558 1260 duobus
594 1220 722 1259 modis
757 1221 940 1272 procedit
974 1220 1226 1259 florescentia
1259 1221 1386 1272 primo
1421 1222 1514 1261 loco
1550 1221 1606 1260 ita

257 1302 302 1337 ut
330 1297 524 1338 anthemia
542 1297 732 1337 inferiora
755 1297 886 1349 primo
901 1298 1079 1346 floreant,
1109 1311 1226 1350 quam
1242 1297 1460 1349 superiora.
1495 1298 1606 1336 Hanc

258 1373 590 1414 inflorescentiam
627 1373 721 1413 olim
755 1374 979 1413 basifloram
1008 1374 1089 1413 dixi
1131 1374 1325 1423 (Prodr.
1355 1374 1473 1413 Phil.
1508 1374 1605 1413 bot.

258 1451 396 1491 Hamb.
436 1449 555 1490 1798.
590 1463 628 1502 p.
654 1449 718 1490 56.
756 1449 856 1501 57.)
914 1450 1033 1490 Nunc
1072 1463 1162 1489 cum
1198 1451 1429 1502 Roepero
1471 1450 1608 1500 (Lin-

259 1541 387 1569 naea
409 1525 447 1567 1.
477 1526 593 1576 433.)
649 1527 845 1567 vocabulo
882 1531 943 1567 sat
977 1531 1090 1579 apto,
1132 1527 1462 1578 centripetam
1498 1527 1607 1567 dixe-

259 1605 346 1645 rim.
392 1605 438 1647 In
465 1604 538 1643 hac
567 1604 862 1644 inflorescentia
891 1604 1066 1655 ejusdem
1093 1603 1192 1642 rami
1219 1604 1413 1643 anthemia
1439 1605 1489 1643 ad
1517 1617 1608 1643 ean-

263 1683 353 1722 dem
387 1677 587 1733 pertinent
627 1681 1013 1733 gemmificationem,
1061 1681 1152 1733 quia
1190 1693 1365 1732 gemmae
1400 1681 1609 1720 inferiores

263 1759 441 1810 ejusdem
468 1758 567 1797 rami
596 1759 831 1810 regulariter
857 1758 967 1810 prius
996 1758 1259 1809 explicantur,
1296 1771 1343 1797 ac
1369 1757 1607 1809 superiores.

262 1835 454 1887 Exempla
486 1836 603 1886 hujus
639 1835 955 1874 inflorescentiae
991 1834 1174 1874 Labiatae
1210 1834 1410 1885 praebent.
1466 1833 1607 1873 Altero

262 1913 382 1952 modo
397 1912 648 1952 florescentia
663 1912 717 1951 ita
731 1912 921 1963 procedit,
947 1916 991 1950 ut
1009 1912 1204 1951 anthemia
1219 1911 1426 1962 superiora
1443 1922 1609 1962 praeco-

263 1991 372 2029 ciora
409 1990 488 2029 sint
514 1989 786 2038 inferioribus,
824 2002 942 2041 quam
969 1988 1302 2028 inflorescentiam
1334 1987 1430 2026 olim
1466 1987 1609 2026 centri-

262 2080 349 2110 cam
387 2060 427 2105 et
463 2066 679 2105 centralem
717 2066 874 2113 vocavi,
916 2078 1022 2104 nunc
1059 2077 1216 2118 quoque
1255 2077 1344 2103 cum
1378 2065 1608 2114 Roepero

262 2143 458 2183 vocabulo
508 2143 714 2194 aptissimo
758 2143 1093 2193 centrifugam
1141 2141 1316 2180 dixerim.
1393 2141 1437 2179 In
1485 2140 1610 2179 hocce

268 2233 363 2260 casu
392 2220 587 2259 anthemia
616 2220 790 2271 ejusd-em
818 2220 917 2259 rami
944 2219 1102 2258 minime
1140 2219 1190 2257 ad
1218 2218 1382 2257 eandem
1411 2217 1610 2268 pertinent

264 2297 643 2349 gemmificationem.
680 2298 807 2348 Hujus
836 2296 1152 2336 inflorescentiae
1171 2295 1306 2347 plures
1331 2299 1422 2334 sunt
1442 2294 1608 2345 species.

264 2374 396 2413 Prima
440 2378 499 2412 est
541 2374 644 2413 infl.
676 2374 880 2422 ,centrifi
919 2372 1259 2421 terminativa,
1304 2371 1337 2411 si
1372 2371 1610 2409 anthemium

268 2451 472 2490 terminale
501 2447 618 2489 altius
649 2455 708 2490 est
736 2450 918 2502 reliquis,
956 2450 1072 2488 ramis
1101 2449 1271 2498 scilicet,
1298 2447 1609 2499 pedunculisque

266 2527 492 2572 lateralibus
519 2540 601 2568 non
628 2528 742 2566 valde
779 2527 1118 2576 excrescentibus,
1145 2527 1247 2565 sicut
1283 2525 1322 2563 in
1352 2524 1608 2576 Campanula-

269 2604 349 2643 ceis
385 2609 457 2644 etc.
496 2617 659 2643 cernere
698 2604 800 2642 licet.
866 2604 1004 2644 Altera
1040 2608 1100 2643 est
1135 2602 1237 2642 infl.
1269 2602 1465 2640 centrif.
1504 2613 1607 2639 cen*

1670 89 1673 90 ,
1658 0 1673 65 ..mati
