1682 2938
875 145 959 187 230

248 252 313 292 the
338 253 413 292 tria
438 253 660 302 numeravi,
706 267 780 294 nec
816 268 898 295 non
936 256 976 295 in
1002 253 1228 308 Epidendro
1257 256 1461 297 cochleato
1490 257 1592 297 aliis-

249 341 343 380 que,
375 329 415 368 in
443 329 669 381 Epidendro
703 330 888 383 elongato
918 345 1009 380 sex,
1044 333 1083 371 in
1113 332 1292 384 Epipacti
1327 333 1493 385 palustri
1521 347 1593 373 no-

249 416 353 453 vem,
390 405 424 444 si
453 410 561 446 recte
590 406 761 447 distinxi.
819 408 1070 460 Appendices
1107 409 1376 460 petaliformes
1404 410 1591 450 lateribus

250 480 445 523 colunnae
489 485 671 533 adnatas,
726 485 921 524 interdum
966 486 1199 536 conspicuas
1245 487 1478 526 staminodia
1520 487 1593 526 Ri-

253 557 464 599 chardus
491 566 620 601 vocat.

363 635 660 689 Anclrostylium
710 639 749 677 in
792 639 901 690 apice
945 641 1240 679 excavationem
1286 641 1400 679 habet
1447 640 1594 679 clinan-

252 710 378 752 drium
416 727 439 753 a
466 715 715 755 Richardo
748 719 950 763 vocatum,
995 715 1135 755 melius
1178 717 1465 755 androclinium
1480 715 1528 766 ³¹⁵)
1561 717 1595 756 si

253 800 353 839 opus
388 795 447 830 est
481 792 661 831 termino.
717 792 819 831 Huic
856 792 1044 831 insertum
1082 797 1142 831 est
1179 794 1490 832 connecticulum
1527 807 1592 833 an-

252 864 384 905 therae
419 872 641 907 antrorsum
668 868 825 907 loculos
861 881 1022 919 gerens,
1051 874 1118 908 aut
1145 869 1410 920 petaloideum
1447 871 1486 909 in
1517 872 1591 909 Or-

254 940 384 991 chide,
420 948 486 983 aut
520 956 728 986 carnosum
756 945 796 983 in
838 944 1048 996 plerisque.
1104 944 1166 984 Ad
1201 945 1406 985 introitum
1445 947 1591 986 canalis

253 1018 461 1068 stigmatici
487 1020 717 1071 superficies
745 1021 894 1072 glutine
931 1021 1106 1060 ubducta
1141 1022 1334 1070 cernitor,
1375 1022 1543 1073 pessime
1572 1036 1595 1061 a

252 1093 449 1135 Richardo
478 1097 645 1147 gynizus
672 1102 813 1137 vocata
827 1095 921 1147 **)‚
965 1102 1009 1136 ut
1043 1098 1083 1136 in
1111 1097 1196 1136 aliis
1226 1098 1378 1149 plantis.
1435 1099 1477 1138 Si
1505 1112 1595 1138 ana-

250 1169 397 1222 logiam
424 1174 536 1225 sequi
561 1174 632 1223 vis,
660 1174 798 1227 stigma
824 1175 986 1215 vocabis
1014 1174 1315 1226 prominentiam
1333 1175 1453 1224 istam,
1482 1189 1597 1228 quam

252 1247 472 1289 Richardus
509 1250 717 1290 rostellum
752 1251 867 1301 dixit,
910 1253 979 1291 sed
1008 1264 1088 1291 non
1118 1265 1219 1303 opus
1248 1256 1307 1291 est
1334 1253 1501 1292 termino
1529 1266 1596 1304 pe-

255 1324 405 1365 culiari.
460 1326 707 1368 Fecundatio
736 1330 882 1380 optime
911 1329 964 1378 fit,
993 1329 1026 1368 si
1054 1328 1264 1380 pollinaria
1291 1328 1391 1368 intra
1419 1330 1596 1369 canalem
1654 1370 1657 1375 ,

254 1402 537 1454 stigmaticum,
583 1405 651 1457 qui
690 1410 751 1445 sat
779 1410 941 1458 apertus
971 1410 1050 1461 est,
1085 1406 1375 1457 demerguntur.
1432 1406 1599 1459 Reliqua

255 1491 292 1518 v.
321 1491 353 1520 s,
380 1480 450 1519 ubi
477 1481 526 1520 de
552 1483 725 1522 antheris
754 1483 914 1523 dictum.

361 1556 726 1610 Stylostegium
763 1559 804 1598 in
838 1558 1111 1611 Asclepiadeis
1148 1559 1206 1598 sic
1243 1572 1286 1599 se
1315 1559 1439 1600 habet.
1497 1560 1597 1600 Ge'r-

251 1631 357 1671 mina
383 1633 463 1672 duo
490 1635 651 1684 adsunt,
686 1636 801 1686 stylis
837 1636 991 1676 duobus
1018 1635 1264 1687 longioribus
1299 1636 1594 1676 brevioribusve

254 1721 355 1760 quos
390 1709 532 1761 stigma
565 1724 687 1751 unum
716 1725 932 1764 expansum
961 1713 1072 1763 tegit,
1117 1726 1204 1751 cum
1234 1712 1347 1763 stylis
1375 1717 1595 1754 connatam.

252 1785 403 1837 Stigma
429 1787 553 1827 hocce
580 1789 793 1828 rotundum
823 1793 883 1828 est
910 1793 977 1828 aut
1011 1789 1168 1840 saepius
1196 1789 1434 1839 angulatum.
1490 1791 1598 1829 Inter

252 1862 420 1914 angulos
446 1865 625 1915 apposita
645 1869 745 1914 sunt,
775 1878 847 1905 seu
869 1865 1011 1905 leviter
1038 1865 1262 1914 adhaerent,
1291 1877 1460 1916 corpora
1488 1866 1598 1917 quin-

255 1952 333 1992 que
351 1953 529 1990 carnosa,
561 1941 770 1981 filamentis
786 1943 1019 1995 plerumque
1047 1941 1176 1981 nullis.
1213 1942 1367 1993 Corpus
1397 1942 1599 1994 quodlibet

255 2017 443 2057 cavitates
471 2018 567 2057 duas
594 2018 779 2071 utrinque
808 2033 897 2059 cum
924 2020 1104 2071 stigmate
1127 2019 1336 2071 intercipit,
1364 2019 1404 2058 in
1432 2032 1597 2071 quarum
1654 2032 1657 2035 “

254 2093 410 2145 singula
435 2094 689 2146 pollinarium
721 2096 817 2136 latet
842 2097 934 2137 flavi
962 2096 1110 2136 coloris
1138 2109 1256 2147 supra
1282 2095 1317 2149 §.
1341 2109 1400 2146 pr.
1423 2096 1507 2145 jam
1532 2095 1598 2135 de—

253 2169 455 2221 scriptum.
511 2172 653 2212 Libere
686 2174 823 2213 haeret
857 2174 897 2214 in
925 2174 1091 2213 cavitate
1129 2186 1204 2212 nec
1233 2173 1285 2211 ibi
1314 2172 1498 2212 adnatum
1528 2177 1598 2221 est,

254 2247 325 2287 sed
353 2260 443 2287 cum
470 2249 666 2299 pedicello
696 2251 890 2300 cohaeret,
925 2250 992 2303 qui
1019 2250 1259 2301 corpusculo
1287 2250 1399 2288 fusco
1428 2249 1598 2289 antheri-

256 2324 383 2374 formi‚
411 2336 494 2365 non
521 2326 650 2367 miuus
677 2325 713 2380 §.
745 2327 942 2379 descripto
969 2326 1166 2367 inseritur.
1224 2327 1331 2367 Haec
1361 2326 1599 2377 corpuscula

346 2447 383 2490 *)
413 2447 553 2492 Antiqui
587 2448 743 2483 dicebam
773 2448 1063 2493 anthropophagi,
1105 2463 1166 2484 nec
1199 2449 1454 2494 phaganthropi.
1511 2448 1599 2482 Hinc

255 2501 504 2536 androclinium
527 2515 589 2536 nec
613 2504 851 2538 olinandrinm.

322 2556 379 2602 Μ>
401 2555 475 2597 ἲξός
503 2558 575 2592 ixus
598 2567 645 2592 est
668 2558 804 2593 viscum.
856 2558 917 2592 Vir
948 2558 1031 2593 alius
1061 2558 1286 2592 meritissimus
1316 2573 1447 2602 graecas
1477 2560 1599 2593 litteras

256 2612 440 2654 ignorabat.
