1682 2938
921 158 1003 201 356

290 268 350 307 uti
367 266 617 307 Oenotherae
632 270 707 308 etc.
722 280 799 308 nec
815 281 897 308 non
912 282 1082 322 quorum
1109 268 1239 321 petala
1266 268 1435 310 interdiu
1454 270 1632 313 involuta

291 344 554 396 reperiuntur,
582 349 706 385 noctu
735 346 933 397 explicata
959 346 1115 397 (Silene
1141 346 1367 397 vespertina
1395 347 1502 398 etc.).

401 422 604 474 Quaedam
636 435 710 474 per
743 422 903 462 unicum
937 427 1089 462 tantum
1123 423 1226 462 diem
1261 423 1416 474 (Gistus
1442 424 1631 476 ladani-fe-

289 511 358 538 rus
389 498 483 548 etc.)
519 498 726 539 unicamve
754 503 910 539 noctem
940 500 1106 550 (Cautus
1133 500 1412 551 grandiflorus,
1441 502 1631 553 nyctical-

288 575 352 615 lus
381 576 476 624 etc.)
501 576 656 616 florent.

398 653 541 693 Flores
570 653 746 704 tropicos
774 653 873 693 dixit
899 654 1143 693 Linnaeus
1172 653 1313 703 (Phil.
1342 654 1440 694 bot.
1466 652 1502 708 ξ
1516 654 1631 705 235.)

289 730 359 783 qui
386 734 507 770 noctu
536 731 772 769 clauduntur
799 734 839 769 et
865 731 1037 770 interdiu
1055 730 1179 781 aperti
1206 735 1310 771 sunt.
1366 731 1534 771 Servant
1561 732 1631 770 ita-

290 821 368 860 que
396 809 499 847 diem
526 807 758 856 naturalem,
787 811 951 858 tempus,
981 807 1151 855 scilicet,
1181 820 1260 859 quo
1288 807 1352 846 sol
1378 820 1498 859 supra
1524 808 1631 847 hori-

290 889 449 925 zontem
478 888 549 924 est.
603 884 706 923 Sunt
733 896 841 934 vero,
874 884 942 936 qui
963 884 1046 934 jam
1072 895 1211 923 versus
1238 896 1424 924 occasum
1451 884 1547 924 solis
1577 884 1632 924 ci—

289 962 367 1001 tius
394 962 542 1001 tardius
570 962 816 1001 clauduntur.

399 1039 542 1078 Flores
570 1037 879 1090 aequinoctiales
906 1037 1342 1087 vocavitLinnaeus‚
1368 1037 1436 1090 qui
1462 1049 1535 1089 per
1561 1037 1631 1076 ali-

290 1120 390 1169 quot
417 1120 570 1156 tantum
597 1116 715 1155 horas
741 1116 863 1155 fiores
890 1115 1033 1154 habent
1061 1118 1239 1166 apertos,
1267 1115 1326 1154 uti
1354 1115 1630 1166 Tragopog0n‚

292 1194 554 1243 Scorzonera‚
581 1192 649 1246 qui
675 1191 783 1232 horis
811 1191 1011 1231 matutinis
1039 1195 1192 1232 tantum
1217 1193 1373 1232 florent.
1428 1192 1530 1231 Hinc
1552 1192 1633 1231 Ho-

290 1271 489 1323 rologium
516 1270 661 1310 Florae
689 1269 905 1309 constituit.

400 1349 545 1388 Flores
578 1346 814 1387 meteoricos
850 1346 954 1386 idem
986 1345 1199 1397 appellavit
1241 1345 1308 1398 qui
1342 1349 1520 1396 tempore
1559 1356 1633 1383 nu-

290 1426 390 1475 bilo,
434 1426 596 1465 humido
630 1429 669 1464 et
709 1423 893 1476 pluvioso
929 1422 1185 1471 clauduntur,
1227 1435 1369 1462 sereno
1405 1421 1635 1473 aperiuntur
1677 1427 1680 1431 ’

293 1516 327 1542 e.
355 1516 391 1555 g.
426 1501 645 1542 Calendula
678 1500 881 1552 pluvialis,
923 1513 1041 1552 quam
1075 1500 1170 1539 dicit
1202 1499 1375 1550 pluviam
1408 1497 1632 1550 praesagire

292 1579 371 1619 nisi
398 1592 500 1632 quae
528 1592 618 1618 cum
632 1578 781 1618 tonitru
802 1578 926 1616 cadat.
955 1576 1009 1616 At
1023 1576 1212 1616 nonsatis
1229 1579 1361 1615 certus
1381 1579 1442 1614 est
1458 1574 1629 1613 nuntius.

291 1657 433 1695 Flores
461 1655 605 1707 tropici
629 1659 668 1694 et
696 1653 1007 1707 aequinoctiales
1036 1653 1152 1693 simul
1167 1652 1370 1692 meteorici
1386 1664 1473 1691 esse
1489 1651 1632 1690 solent.

402 1743 504 1782 Sunt
539 1742 606 1795 qui
639 1741 757 1793 plane
792 1754 874 1780 non
901 1741 1143 1792 aperiantur,
1188 1740 1265 1780 nisi
1297 1738 1417 1779 radiis
1452 1738 1549 1779 solis
1576 1738 1633 1777 af-

294 1820 400 1874 fecti,
429 1833 462 1859 e.
491 1832 527 1871 g.
557 1818 706 1868 Oxalis,
733 1818 960 1868 Erythraea,
987 1817 1199 1857 Portulaca
1226 1820 1302 1856 etc.

402 1907 669 1956 Mutationes,
704 1918 801 1958 quas
829 1905 1013 1954 diximus,
1055 1904 1244 1944 foliorum
1278 1907 1318 1943 et
1347 1904 1491 1943 florum
1517 1902 1560 1942 in
1585 1902 1633 1942 iis
1680 1926 1681 1936 η

295 1989 446 2025 tantum
468 1983 611 2036 plantis
626 1983 833 2023 adnotatae
848 1986 950 2031 sunt,
976 1981 1019 2021 in
1046 1981 1186 2034 quibus
1214 1980 1330 2020 facile
1359 1980 1633 2020 observantur.
1679 1960 1681 1979 s

296 2061 378 2101 Sed
405 2061 447 2101 in
473 2061 608 2100 multis
636 2059 740 2109 aliis,
777 2072 854 2099 nec
882 2059 1023 2108 dicam,
1065 2057 1266 2107 omnibus,
1301 2055 1503 2105 accidunt,
1538 2056 1634 2096 folia
1676 2054 1682 2108 g*

296 2139 401 2178 enim
429 2142 468 2178 et
494 2139 625 2186 florea
652 2136 728 2176 nisi
754 2135 926 2176 rudioris
954 2135 1033 2175 sint
1060 2134 1261 2187 compagis
1286 2133 1486 2173 rarissime
1512 2136 1636 2173 noctu

296 2214 466 2255 eundem
494 2215 613 2254 situm
639 2213 783 2253 habent
810 2226 926 2265 quam
952 2212 1135 2252 interdiu.
1193 2209 1454 2249 Notissimum
1480 2213 1635 2261 segetes

297 2291 519 2331 Cerealium
546 2294 670 2330 noctu
693 2290 812 2341 longe
840 2290 1011 2330 alienum
1029 2289 1260 2340 adspectum
1286 2286 1489 2339 praebere,
1513 2299 1635 2338 ,quam
1672 2294 1682 2343 ᾗ

232 2409 238 2418 ι
295 2366 472 2407 interdiu
490 2367 554 2407 *ob
591 2367 687 2407 folia
722 2367 850 2406 minus
884 2372 1034 2415 erecta,
1075 2365 1254 2416 spicasve
1287 2363 1409 2414 magis
1443 2367 1635 2403 nutantes.

296 2444 468 2485 Somnus
484 2444 627 2496 plantis
642 2456 724 2483 non
740 2442 871 2482 minus
886 2442 1075 2483 naturalis
1083 2442 1249 2490 videtur,
1264 2453 1380 2493 quam
1392 2439 1635 2480 animalibus.
1669 2443 1682 2455 ”

408 2522 600 2561 Somnum
635 2533 723 2560 esse
757 2519 966 2572 periodum
1000 2518 1162 2559 vitalem
1187 2520 1383 2557 testantur
1406 2517 1527 2558 flores
1553 2519 1635 2556 tro·
1667 2503 1682 2576 5

296 2597 390 2650 pici,
418 2602 458 2639 et
485 2598 738 2638 confirmatur
764 2594 1019 2637 Candollii
1046 2593 1335 2648 experimentis.
1667 2579 1668 2583 Ἰ
