1682 2938
892 133 972 175 126

264 245 366 295 lycis
394 255 492 283 vero
520 255 610 282 cum
638 243 785 295 phyllis
814 244 937 284 tribus
966 244 1058 284 labii
1086 244 1284 284 inferioris
1312 245 1509 295 corollae,
1557 252 1600 286 ut

263 322 304 360 in
331 320 514 360 Labiatis.
568 321 702 360 Petala
730 321 808 360 duo
826 321 1032 373 superiora
1046 321 1129 360 basi
1155 334 1244 360 cum
1272 321 1478 363 filamentis
1506 336 1602 363 con-

263 399 364 438 natis
392 397 631 446 coalescunt,
659 402 702 436 ut
728 399 767 437 in
783 399 1012 438 Malvaceis.
1049 398 1210 437 Labium
1238 398 1401 439 inferius
1430 414 1451 439 e
1474 401 1599 440 tribus

262 488 350 516 esse
386 478 598 515 connatum
633 475 791 526 petalis,
834 475 874 513 in
902 474 1108 526 permultis
1133 476 1346 527 Polygalae
1382 477 1599 528 speciebus,

262 567 296 593 e.
331 566 366 604 g.
404 550 579 604 oppositi
606 551 718 600 folia,
760 552 966 591 manifeste
996 553 1256 604 conspicitur,
1297 566 1387 591 nam
1420 553 1600 604 phyllum

261 629 436 668 infimum
471 626 647 667 corollae
683 642 854 679 superne
887 629 1071 681 utrinque
1108 629 1342 680 expanditur
1386 633 1424 669 et
1454 630 1599 681 phyllis

260 705 486 746 lateralibus
504 705 694 744 truncatis
712 705 911 754 incumbit,
939 719 1014 745 nec
1041 718 1123 745 non
1151 706 1240 756 pilis
1269 706 1476 745 subtilibus
1506 720 1598 746 cum

259 783 347 834 ipso
377 786 589 821 connatum
618 786 693 831 est,
722 783 849 822 media
875 796 972 822 vero
1001 795 1091 834 pars
1119 783 1158 821 in
1187 783 1377 822 fimbriam
1406 783 1599 835 penicilli-

260 861 427 899 formem
456 859 546 898 exit.
600 859 742 910 Phyllo
779 860 912 899 infimo
943 863 1125 909 curvato,
1162 860 1351 911 pistillum
1393 864 1596 899 curvatum

261 950 350 975 cum
391 935 619 974 staminibus
657 936 924 986 amplexante,
967 936 1119 975 corolla
1146 938 1289 976 haecce
1329 936 1502 976 habitum
1537 950 1599 975 re-

259 1014 337 1052 fert
383 1012 558 1051 corollae
609 1013 921 1063 papilionaceae,
977 1014 1207 1064 praesertim
1254 1013 1287 1052 si
1328 1013 1462 1064 phylla
1518 1013 1597 1052 duo

258 1088 439 1129 lateralia
495 1092 534 1126 et
588 1088 778 1128 interiora
826 1088 917 1127 labii
963 1090 1177 1140 superioris
1227 1090 1374 1141 calycis
1428 1090 1469 1128 in
1517 1089 1599 1128 alas

259 1165 506 1218 petaloideas
555 1169 828 1205 excreverunt.
911 1166 991 1204 Gfr.
1041 1166 1090 1205 de
1134 1166 1208 1205 hac
1258 1166 1428 1205 corolla:
1483 1165 1597 1217 Aug.

259 1243 321 1282 St.
376 1241 569 1281 Hilaire
624 1246 671 1281 et
724 1242 927 1294 Moquin
983 1243 1182 1282 Tendon
1237 1255 1267 1282 s.
1314 1242 1339 1281 l.
1393 1243 1599 1293 Polyga-

258 1316 365 1359 lees
415 1322 513 1357 extr.
562 1319 598 1358 d.
639 1317 814 1357 Annal.
872 1319 908 1357 d.
954 1318 980 1357 l.
1023 1318 1130 1358 Soc.
1172 1332 1274 1370 roy.
1332 1317 1600 1358 d⁷Orleans

260 1398 307 1436 T.
321 1396 411 1435 XII.
444 1399 482 1434 et
509 1394 627 1434 Ann.
665 1396 701 1434 d.
731 1408 794 1434 sc.
830 1399 922 1435 nat.
960 1395 1025 1435 27,
1062 1394 1154 1436 151.
1222 1395 1356 1435 Petala
1390 1395 1469 1435 duo
1504 1395 1602 1434 infe-

259 1474 368 1513 riora
395 1473 584 1523 absorpta
618 1476 731 1524 putat
760 1472 827 1525 qui
862 1472 956 1511 mihi
990 1478 1158 1512 connata
1191 1473 1375 1512 vident-ur
1410 1486 1500 1512 cum
1534 1485 1602 1524 pe-

259 1551 341 1591 talo
369 1550 516 1590 infimo.

369 1649 532 1689 Corolla
558 1661 584 1699 p
594 1661 617 1686 a
625 1648 694 1698 pil
705 1648 751 1687 io
760 1660 817 1687 na
826 1663 847 1688 c
857 1662 878 1688 e
888 1662 910 1687 a
939 1653 998 1688 est
1012 1648 1270 1700 pentapetala,
1298 1647 1431 1699 petalo
1447 1659 1601 1687 summo

258 1727 418 1767 dilatato
427 1758 437 1775 ,
465 1739 491 1764 v
501 1739 522 1765 e
531 1738 558 1765 x
568 1725 659 1764 illu
670 1739 708 1764 m
736 1726 907 1774 sistente,
936 1726 1090 1765 duobus
1119 1725 1346 1764 lateralibus
1355 1755 1365 1773 ‚
1394 1737 1466 1763 seu
1494 1723 1600 1772 alis,

259 1804 458 1856 appositis,
489 1807 528 1842 et
556 1803 709 1841 duobus
737 1802 880 1842 infimis
909 1815 1026 1852 saepe
1053 1801 1231 1840 connatis
1261 1800 1479 1840 carinam
1509 1812 1602 1839 con-
1668 1834 1675 1846 ,

260 1881 527 1928 sumentibus,
573 1879 767 1930 incurvis,
809 1879 972 1918 stamina
1009 1891 1098 1917 cum
1123 1876 1272 1928 pistillo
1299 1876 1599 1916 includentibus

262 1958 418 2009 Calycis
445 1957 539 1997 labii
568 1956 785 2008 superioris
813 1955 949 2007 phylla
976 1956 1055 1995 duo
1084 1967 1174 1993 cum
1200 1952 1351 1992 vexillo
1382 1956 1421 1991 et
1448 1952 1519 1991 alis
1548 1951 1602 1990 al-

260 2039 425 2084 ternant,
454 2034 547 2073 labii
561 2034 758 2073 inferioris
774 2032 910 2084 phylla
927 2032 1002 2071 tria
1031 2045 1119 2070 cum
1150 2031 1303 2070 carinae
1333 2029 1477 2081 phyllis
1506 2029 1603 2068 duo—

258 2112 350 2160 bus,
387 2116 426 2150 et
453 2111 508 2150 ita
534 2111 708 2163 quidem,
743 2114 787 2149 ut
816 2108 986 2147 medium
1020 2108 1198 2159 phyllum
1221 2108 1433 2158 juncturae
1461 2106 1604 2145 horum

258 2188 481 2239 petalorum
511 2188 741 2239 oppositum
769 2186 830 2226 sit.
886 2186 946 2224 Ex
974 2185 1032 2224 his
1053 2184 1234 2225 omnibus
1264 2187 1382 2235 patet,
1413 2183 1605 2223 corollam

260 2264 569 2316 papilionaceam
603 2277 691 2304 esse
719 2263 901 2303 labiatam
927 2261 1135 2302 inversam.

370 2373 535 2412 Corolla
570 2373 849 2413 sublabiata
884 2371 1136 2423 monopetala
1164 2372 1392 2423 frequenter
1419 2369 1604 2409 occurrit.

261 2450 452 2501 Exempla
478 2431 688 2501 praebent:
735 2463 815 2489 cor.
843 2449 1049 2498 Menthae‚
1091 2447 1244 2499 Lycopi
1274 2450 1347 2486 etc.
1384 2445 1425 2484 in
1461 2445 1602 2498 quibus

262 2527 375 2578 galea
402 2526 591 2566 diminuta
619 2531 698 2572 est;
728 2539 810 2566 cor.
833 2526 1056 2565 Veronicae
1085 2526 1197 2575 cujus
1225 2526 1470 2574 segmentum
1498 2535 1601 2561 sum-

260 2616 368 2642 mum
396 2603 607 2642 maximum
636 2615 725 2643 cum
753 2603 1022 2653 adjacentibus
1058 2599 1267 2652 segmentis
1302 2599 1452 2650 galeam
1488 2598 1600 2647 sistit,
