1682 2938
888 127 969 168 132

266 238 323 277 uti
350 237 558 289 glandulae
585 237 624 276 in
651 236 791 288 petalis
811 238 1048 287 Berberidis,
1077 243 1144 277 aut
1172 250 1334 277 succum
1361 237 1600 288 peculiarem

267 315 306 353 in
324 315 532 365 superficie
547 318 771 363 secernunt,
800 315 867 367 qui
891 320 958 354 aut
986 315 1026 354 in
1054 315 1209 354 calcare
1239 314 1435 366 excipitur
1460 315 1602 367 (Aqui-

264 391 388 442 legia)
428 395 496 430 aut
535 390 577 430 in
622 391 730 431 fossa
769 391 958 443 singulari
999 391 1234 441 (Fritillaria
1262 390 1495 442 imperialis)
1535 395 1602 430 aut

265 468 344 508 alio
371 468 502 508 modo.

373 609 559 650 Corollae
586 609 726 649 nervi
751 609 871 649 variis
899 609 1026 649 modis
1054 621 1141 649 sese
1157 609 1309 649 liabent.
1365 608 1602 661 Plerumque

264 699 337 738 per
369 687 540 726 medium
574 686 751 738 phyllum
786 686 909 738 petali
943 691 1009 726 aut
1049 686 1242 738 segmenti
1277 699 1422 725 nervus
1452 686 1603 735 transit,

265 776 365 815 quae
392 763 528 814 phylla
561 763 801 802 medinervia
834 763 912 802 dici
938 767 1122 815 possunt,
1165 762 1291 801 rarius
1327 775 1424 801 vero
1453 765 1603 802 tantum

262 853 336 891 per
362 839 487 879 latera
513 840 745 889 decurrunt,
793 840 923 879 medio
950 839 1173 887 deficiente,
1222 852 1323 890 quae
1351 839 1604 878 laterinervia

267 915 386 955 dicas.
443 916 756 955 Medinervia
790 916 989 956 rarissime
1016 930 1138 955 unum
1166 919 1316 954 tantum
1342 929 1507 955 nervum
1537 917 1603 954 ha·
1673 963 1675 967 V

263 993 358 1032 bent
385 992 616 1043 simplicem,
643 993 706 1043 ph.
735 993 1050 1041 uninervata,
1078 1006 1152 1032 nec
1171 992 1263 1031 mihi
1287 993 1509 1043 exemplum
1536 1005 1602 1031 ve-

264 1082 332 1108 rae
361 1069 722 1119 corollae-praesto
751 1072 831 1116 est;
867 1069 1009 1108 accidit
1034 1082 1131 1108 vero
1159 1069 1355 1108 interdum
1381 1069 1421 1107 in
1449 1069 1603 1120 perigo-

263 1145 339 1184 niis
366 1144 744 1195 Monocotylearum
773 1158 806 1184 e.
837 1158 872 1197 g.
903 1145 1176 1184 Convallariae
1209 1146 1371 1195 majalis.
1427 1145 1603 1184 Plerum-

264 1234 342 1274 que
368 1222 492 1261 tribus
520 1221 709 1261 instructa
742 1225 834 1261 sunt
868 1222 1000 1261 nervis
1035 1225 1102 1260 aut
1129 1221 1385 1273 simplicibus,
1420 1222 1483 1272 ph.
1521 1222 1603 1260 tri-

265 1302 492 1348 nervata,
519 1302 563 1338 ut
591 1298 632 1337 in
658 1298 794 1348 Erica,
829 1302 896 1338 aut
922 1298 1090 1338 ramosis
1120 1302 1158 1337 et
1189 1298 1307 1337 ramis
1337 1297 1604 1350 deliquescen-

265 1375 389 1424 tibus,
424 1375 488 1426 ph,
518 1375 783 1424 trinervia,
825 1375 932 1428 quod
959 1376 1146 1427 frequens
1174 1379 1234 1414 est
1261 1375 1301 1414 in
1329 1374 1474 1426 plantis
1503 1388 1536 1414 e.
1566 1387 1602 1426 g.

263 1451 432 1500 Azalea,
460 1451 628 1503 Syringa
656 1452 832 1504 aliisque.
888 1451 975 1491 Nec
1003 1452 1145 1491 desunt
1171 1452 1305 1503 phylla
1332 1451 1603 1501 uninervia‚

263 1541 389 1568 nervo
417 1528 547 1567 medio
576 1541 755 1578 ramoso,
798 1529 915 1567 ramis
944 1528 1298 1581 deliquescentibus
1333 1533 1376 1568 ut
1402 1529 1442 1568 in
1470 1529 1604 1568 Litho-

264 1605 443 1657 spermis‚
471 1605 653 1644 Viburno
682 1609 756 1644 etc.
792 1605 837 1644 In
864 1606 996 1644 Rosae
1023 1605 1161 1657 petalis
1187 1605 1322 1657 plures
1351 1606 1463 1645 nervi
1486 1606 1604 1646 ebasi

264 1685 486 1733 emergunt,
526 1682 580 1720 ita
614 1686 746 1721 tamen
781 1685 826 1720 ut
861 1694 991 1720 ramos
1030 1684 1167 1722 credas
1195 1687 1337 1722 trunco
1367 1683 1603 1723 oblitterato.

263 1759 338 1797 Ubi
364 1758 499 1809 phylla
526 1759 606 1798 duo
634 1758 908 1797 combinantur
936 1758 985 1796 ad
1010 1759 1199 1798 corollam
1218 1760 1508 1810 monopetalam
1524 1762 1603 1799 for-

264 1835 446 1875 mandam
473 1835 706 1888 plerumque
733 1835 866 1874 nullus
895 1846 1041 1873 nervus
1074 1839 1143 1883 est,
1171 1843 1216 1874 ut
1243 1835 1284 1874 in
1313 1836 1511 1886 Viburno‚
1539 1838 1603 1876 Li-

266 1913 495 1963 thospermo
533 1916 608 1951 etc.
679 1912 730 1951 Et
781 1912 822 1950 in
874 1911 1026 1950 corolla
1066 1910 1211 1951 labiata
1255 1912 1500 1952 Labiatarum
1535 1914 1603 1953 ubi

264 1989 472 2028 manifeste
509 1988 588 2028 duo
622 1987 754 2039 petala
789 1990 929 2038 Juncta
965 1988 1116 2040 galeam
1150 1988 1308 2046 sistunt,
1351 1989 1603 2030 interstitium

265 2065 378 2104 nullo
407 2077 532 2105 nervo
569 2064 776 2116 insignitur
803 2066 910 2117 quod
938 2077 1035 2104 vero
1064 2065 1105 2104 in
1140 2065 1274 2116 calyce
1302 2066 1453 2106 accidit.
1511 2067 1603 2106 Vidi

264 2146 395 2181 tamen
428 2154 574 2182 nervos
609 2155 683 2193 per
717 2141 923 2181 interstitia
959 2142 1214 2181 decurrentes
1249 2142 1320 2181 sed
1356 2142 1528 2182 minores
1563 2144 1603 2183 in

263 2219 438 2258 Primula
465 2218 627 2267 sinensi,
656 2218 723 2257 ubi
750 2218 914 2258 stamina
940 2218 1085 2270 phyllis
1114 2218 1289 2258 corollae
1305 2219 1486 2270 opposita
1500 2225 1603 2269 sunt,

267 2297 437 2347 majores
473 2297 514 2335 in
550 2295 764 2335 Catesbaea
809 2299 848 2335 et
879 2295 1110 2335 Portlandia
1145 2295 1281 2344 adunt,
1336 2301 1520 2336 monente
1554 2298 1600 2337 R.

266 2372 706 2422 Brownio„(Verm.
735 2372 867 2412 Schr.
896 2372 934 2413 2.
963 2354 1088 2423 515ss).

375 2514 514 2566 Phylla
548 2513 886 2554 laterinervia
926 2514 1103 2554 corollae
1139 2515 1181 2554 in
1215 2514 1453 2566 Compositis
1488 2526 1602 2566 prae-

267 2591 402 2632 sertim
429 2589 687 2643 reperiuntur.
771 2591 837 2630 Sic
870 2591 909 2631 in
938 2590 1101 2632 corollis
1139 2590 1311 2642 ligulatis
1340 2590 1599 2645 quinquefidis
