1682 2938
921 129 1002 173 128

276 241 450 281 infimum
499 238 687 279 mininum
736 240 901 289 labium;
953 243 1181 282 staminibus
1222 243 1476 284 inferioribus
1517 244 1609 283 defi-

278 318 479 367 cientibus,
507 317 760 356 aestivatione
788 319 990 368 valvaeea,
1018 320 1231 371 segmentis
1260 321 1412 360 duobus
1439 320 1612 360 laterali-

275 396 349 434 bus
378 394 532 434 extimis
570 398 614 433 ut
648 393 689 432 in
718 394 870 434 corolla
896 395 1078 446 regulari.
1135 398 1180 436 In
1208 397 1367 448 Digitali
1403 397 1511 436 lutea
1545 410 1611 436 co-

276 472 379 512 rolla
414 484 554 511 revera
588 470 733 510 labiata
762 475 839 519 est,
883 472 924 511 in
950 473 999 512 D.
1028 486 1228 524 purpurea
1260 487 1357 513 vero
1384 473 1610 523 sublabiata,

275 549 380 588 labio
409 547 598 587 inferiore
626 560 709 587 non
737 547 944 600 explicato.
999 549 1160 589 Plantae
1189 563 1433 602 syngenesae
1459 549 1612 589 labiati-

274 627 398 666 florae
426 625 552 665 varias
579 624 695 675 hujus
724 625 900 664 corollae
929 627 1237 666 modificationes
1259 627 1411 666 sistunt.
1465 627 1515 666 Et
1544 640 1612 666 co-

274 703 379 742 rolla
405 700 695 741 sublabiosa
729 714 800 740 seu
828 702 1041 741 sublabiata
1068 703 1293 755 polypetala
1325 704 1520 743 interdum
1554 704 1612 743 in-

274 779 439 819 venitur.
497 778 542 816 In
569 778 781 829 Delphinio
816 779 948 830 petala
984 780 1063 819 duo
1103 781 1310 831 superiora
1351 781 1405 831 (si
1432 784 1613 832 separata

274 856 383 905 sunt)
409 855 556 895 labium
583 855 764 906 superius
793 856 1052 905 constituunt,
1082 860 1121 895 et
1149 857 1231 896 basi
1259 857 1453 896 calcarata
1479 863 1614 896 necta-

275 933 396 971 rifera
446 931 549 970 intra
590 931 721 971 calcar
764 932 909 983 calycis
957 934 1245 983 reconduntur,
1303 935 1382 973 duo
1425 934 1613 973 inferiora

275 1009 397 1060 magis
426 1007 642 1058 explanata,
670 1021 751 1047 non
779 1008 973 1048 calcarata
998 1010 1145 1049 labium
1173 1011 1335 1050 inferius
1352 1011 1505 1059 sistunt,
1535 1011 1612 1049 sal-

275 1090 354 1125 tem
389 1085 505 1135 hujus
541 1083 673 1134 petala
709 1085 788 1123 duo
832 1085 1045 1135 exteriora,
1087 1087 1203 1126 tertio
1240 1088 1455 1127 deficiente.
1513 1087 1614 1126 Sunt

276 1173 434 1215 quoque
478 1164 518 1199 et
555 1160 723 1211 petala
766 1161 1061 1202 sublabiata.
1129 1163 1217 1202 Huc
1253 1165 1451 1214 pertinent
1484 1164 1614 1215 petala

275 1233 460 1280 tubulosa
486 1237 661 1289 margine
689 1238 885 1290 inaequali
915 1238 956 1277 in
983 1239 1220 1288 Hellebor0‚
1256 1241 1386 1291 petala
1421 1240 1615 1279 ealcarata

276 1318 317 1356 in
343 1314 568 1368 Aquilegia‚
620 1326 695 1354 nec
730 1326 811 1354 non
846 1316 1021 1355 nectaria
1046 1315 1226 1366 Aconiti,
1272 1329 1372 1369 quae
1399 1316 1531 1367 petala
1557 1315 1615 1354 in-

275 1405 390 1434 versa
418 1391 611 1440 exhibent,
639 1391 727 1431 solo
757 1391 912 1432 calcare
941 1393 1094 1442 donata,
1121 1393 1243 1433 limbo
1269 1393 1494 1433 oblitterato
1523 1392 1614 1445 (cfr.

275 1468 732 1511 Reichenbachium
759 1469 808 1508 de
829 1469 907 1509 hoc
922 1482 1067 1521 genere
1086 1483 1161 1509 nec
1175 1483 1257 1510 non
1273 1469 1615 1519 Candol'lium).

383 1578 479 1618 Non
506 1578 730 1629 negaverim
757 1578 807 1617 ad
836 1579 1028 1618 corollam
1061 1580 1281 1631 regularem
1313 1579 1441 1619 varias
1467 1579 1618 1630 irregu-

275 1656 440 1695 laritatis
469 1656 616 1695 formas
645 1668 734 1695 esse
760 1656 1023 1706 reducendas,
1054 1660 1093 1695 et
1120 1657 1161 1695 in
1189 1669 1253 1696 res
1280 1657 1502 1696 accidentes
1531 1668 1617 1695 esse

276 1733 571 1786 inquirendum,
613 1732 755 1785 quibus
781 1732 1051 1783 irregularitas
1078 1734 1340 1784 producatur3
1393 1746 1470 1785 qua
1504 1732 1546 1771 in
1573 1745 1617 1771 re

277 1810 414 1862 utique
444 1809 709 1849 Oandollio
738 1809 934 1849 assentior
961 1810 1257 1860 (Organogr.
1286 1822 1389 1860 veg.
1419 1807 1456 1849 1.
1483 1807 1616 1857 515.)

275 1889 329 1927 At
356 1900 420 1926 res
439 1887 673 1934 accidentes,
702 1886 861 1926 coalitio
878 1886 1171 1936 (adherences)‚
1201 1885 1415 1937 duplicatio
1447 1885 1614 1936 (dedou-

277 1963 487 2012 blement),
530 1962 797 2002 mutilationes
825 1963 1113 2013 (avortemens)
1161 1967 1199 2002 et
1234 1962 1396 2001 nimium
1434 1975 1618 2013 augmen-

278 2046 360 2080 tum
405 2039 740 2092 (augmentation)
782 2040 940 2079 minime
981 2053 1100 2079 causa
1132 2039 1270 2078 ultima
1310 2051 1396 2078 esse
1437 2047 1617 2090 possunt,

278 2130 378 2169 quae
408 2118 554 2156 formas
584 2123 663 2156 tam
692 2122 919 2157 constantes
948 2131 993 2156 ac
1023 2116 1298 2156 determinatas
1324 2115 1382 2154 uti
1405 2115 1550 2154 labiata
1579 2119 1618 2155 et

277 2193 549 2244 papilionacea
576 2194 799 2245 producere
827 2194 964 2246 possit.
998 2194 1099 2233 Sunt
1125 2193 1257 2245 potius
1271 2192 1488 2244 permultae
1517 2193 1619 2242 (non

279 2270 368 2309 dico
398 2271 557 2319 omnes)
594 2271 891 2322 irregularitatis
920 2271 1071 2310 formae
1101 2271 1150 2309 ad
1182 2269 1369 2309 transitus
1398 2282 1421 2308 a
1447 2269 1619 2320 regulari

279 2348 406 2386 forma
433 2347 482 2385 ad
504 2347 686 2387 labiatam
715 2353 755 2388 et
782 2348 1112 2400 papilionaceam,
1149 2351 1189 2386 et
1216 2347 1265 2386 ad
1292 2345 1531 2385 tendentiam
1558 2358 1620 2384 re-

280 2423 483 2471 ferendae,
540 2423 732 2472 'ejusmodi
778 2425 944 2474 formas,
993 2424 1176 2464 labiatam
1218 2428 1258 2462 et
1298 2421 1618 2474 papilionaceam,

282 2499 501 2540 exhibendi.

389 2599 596 2650 Ingeniose
630 2599 693 2639 vir
728 2599 778 2639 cl.
813 2600 860 2639 M
868 2613 893 2640 o
902 2613 927 2652 q
936 2599 1019 2639 uin
1048 2599 1081 2638 T
1093 2612 1114 2638 e
1122 2611 1150 2638 n
1158 2598 1183 2637 d
1193 2610 1217 2638 ο
1227 2610 1253 2637 n
1295 2599 1343 2638 de
1380 2597 1616 2638 coronarum
