1682 2938
890 135 986 182 196·

265 249 365 290 tusis
393 249 523 289 obsita
550 252 618 288 aut
647 249 957 300 opercularibus‚
984 255 1029 290 ut
1057 251 1098 289 in
1118 251 1342 301 Cucurbita,
1371 255 1438 290 aut
1464 251 1611 304 absque
1675 287 1677 303 2

265 326 466 379 operculis
495 329 540 366 ut
568 325 609 365 in
637 326 870 367 Malvaceis.

377 419 552 459 Granula
578 432 727 471 porosa
760 420 957 459 interdum
993 420 1034 458 in
1070 421 1217 460 formas
1255 421 1471 460 tetraedras
1508 434 1615 461 com-

262 496 392 548 posita
416 502 508 536 sunt
536 496 576 535 in
600 497 829 548 Periploca3
857 497 898 536 in
911 497 1083 536 Mimosa
1111 497 1283 536 sedecim
1312 498 1476 537 cellulas
1507 511 1613 537 com-
1681 489 1682 534 ἑ

263 573 463 625 positione
493 586 565 612 sua
592 573 743 614 sistunt.

374 661 550 700 Granula
590 660 752 712 pollinis
790 661 949 700 tandem
993 661 1166 700 sulcos
1203 666 1250 700 et
1280 675 1433 712 poros
1469 662 1613 701 simul

264 738 419 777 habent.
475 738 584 776 Inter
617 738 715 776 haec
749 737 869 776 sulcis
907 737 1033 776 tribus
1071 738 1259 789 porisque
1288 736 1450 778 totidem
1479 743 1612 778 notata
1668 756 1675 763 ·

264 813 580 866 frequentissima
608 818 708 863 sunt,
738 818 804 853 aut
832 814 1041 866 superficie
1071 814 1299 865 granulosa,
1328 820 1393 854 aut
1421 816 1610 855 aculeolis

263 891 409 940 obsita,
451 894 495 929 ut
530 890 571 928 in
607 891 848 942 Syngeuesis
883 891 1096 943 plerisque.
1162 891 1424 931 Cichoraceae
1465 892 1610 931 habent

263 967 426 1019 granula
455 966 655 1006 trisulcata
683 967 835 1019 tripora
862 968 902 1006 in
939 968 1087 1006 formas
1114 967 1327 1018 polyedras
1356 969 1605 1019 conglubata.

262 1044 362 1082 Sunt
398 1056 556 1096 quoque
594 1057 733 1095 grana,
790 1056 890 1096 quae
934 1044 1068 1094 plures
1105 1057 1221 1095 quam
1265 1048 1345 1083 tres
1383 1045 1507 1095 plicas
1543 1045 1610 1082 ha-

262 1120 376 1169 bent,
413 1132 580 1172 quarum
608 1119 770 1172 quaevis
796 1133 940 1171 porum
969 1119 1146 1159 continet
1175 1120 1329 1170 (Citrus
1358 1119 1610 1169 Aurantium)

258 1181 328 1236 aut
356 1210 429 1236 sex
457 1194 507 1236 ad
534 1200 685 1248 septem
713 1196 836 1248 plicas
865 1197 1025 1246 habent,
1070 1209 1236 1248 quarum
1265 1200 1343 1235 tres
1373 1209 1516 1248 porum
1544 1197 1610 1235 ad-

261 1273 420 1312 mittunt
461 1273 611 1323 (Vinea
647 1273 861 1324 herbacea)
903 1277 943 1313 et
984 1286 1083 1326 quae
1127 1277 1221 1313 sunt
1262 1273 1360 1312 aliae
1399 1273 1610 1313 varietates

261 1350 404 1390 simies.

372 1435 505 1476 Grana
532 1438 677 1488 haecce
705 1438 746 1477 in
774 1439 971 1477 tetraedra
988 1438 1210 1478 combinata
1238 1443 1329 1477 sunt
1346 1436 1608 1486 (Ericaceae),

261 1516 328 1552 aut
354 1513 395 1552 in
423 1514 570 1554 formas
600 1515 760 1554 cubicas
789 1519 828 1553 et
855 1516 1122 1554 dodecaedras
1150 1513 1511 1566 (Malpighiaceae),
1541 1516 1608 1552 aut

259 1589 300 1629 in
328 1591 542 1642 polyedras
571 1591 890 1642 (Cichoraceae),
916 1592 976 1631 uti
1003 1592 1123 1631 modo
1153 1592 1300 1630 dictum
1330 1594 1398 1630 est.

368 1683 544 1722 Granula
570 1684 732 1735 pollinis
762 1684 939 1723 funiculo
968 1683 1158 1723 nutrienti
1186 1683 1396 1723 adhaerere
1425 1684 1608 1734 (tropho-
1651 1682 1652 1685 ’

256 1758 417 1811 pollini)
447 1761 547 1798 Tur
557 1760 701 1811 pinus
739 1761 908 1810 dixerat,
945 1759 1149 1799 Botanicis
1179 1760 1358 1798 omnibus
1387 1761 1608 1811 refragran-

257 1836 376 1875 tibus.
432 1837 541 1875 Intra
578 1825 741 1876 cellulas
778 1836 941 1876 formari
969 1836 1126 1874 demum
1161 1841 1437 1875 evanescentes
1466 1835 1608 1875 Koel-

258 1916 492 1952 reuterus
544 1914 695 1965 primus
747 1913 950 1961 indicavit,
1004 1913 1051 1952 R.
1092 1912 1352 1952 Brownius
1400 1911 1608 1952 affirmavit

258 1989 414 2040 (Linn.
446 1991 512 2029 Tr.
544 1990 606 2031 13.
636 1988 749 2039 213.)
784 1990 865 2029 Ad.
894 1990 1264 2040 Brongniartus
1301 1989 1441 2040 (Anu.
1479 1990 1515 2028 d.
1546 2002 1607 2028 sc.
1643 2034 1657 2045 -

258 2070 352 2105 nat.
384 2066 449 2106 12.
477 2066 565 2116 21.)
595 2067 789 2118 exposuit,
820 2067 962 2119 quibus
983 2067 1202 2106 Mohlius
1231 2067 1277 2116 (l.
1307 2080 1338 2105 c.
1358 2065 1445 2115 33.)
1474 2078 1607 2104 assen-

259 2143 315 2183 tit.
345 2144 390 2182 In
407 2144 622 2195 Tropaeoli
641 2145 804 2183 floribus
833 2144 900 2183 lin.
921 2143 1050 2194 longis
1078 2143 1160 2182 vidi
1187 2155 1353 2182 massam
1383 2155 1606 2194 grumosam

258 2219 363 2258 intra
391 2221 592 2259 antheram
619 2216 788 2272 positam
826 2225 865 2260 et
899 2221 941 2259 in
975 2221 1048 2258 hac
1077 2233 1206 2259 massa
1241 2220 1405 2259 cellulas
1434 2221 1605 2270 majores

258 2286 325 2335 sat·
347 2297 602 2347 conspicuas,
639 2297 841 2349 angulatas
870 2301 913 2336 ut
942 2297 1084 2336 solent.
1139 2296 1282 2335 Postea
1309 2310 1406 2336 vero
1435 2297 1476 2334 in
1505 2296 1605 2334 flore

256 2372 325 2412 lin.
354 2376 394 2412 et
421 2372 512 2415 dim,
543 2373 665 2426 longo
704 2374 872 2413 cellulae
910 2374 950 2412 in
986 2374 1152 2413 formam
1187 2373 1390 2424 globosam
1425 2372 1605 2411 abierunt

257 2448 373 2489 facile
400 2433 658 2500 separandae,
687 2450 862 2502 granulis
891 2450 1016 2489 tribus
1046 2453 1264 2501 quatuorve
1302 2450 1442 2489 foetae.
1502 2450 1604 2489 Tum

256 2525 298 2565 in
322 2526 422 2566 flore
450 2525 529 2565 lin.>
548 2527 644 2566 duas
672 2527 805 2579 longo,
834 2526 980 2566 mixtae
1008 2531 1121 2565 erant
1150 2525 1318 2566 cellulae
1335 2526 1508 2577 granulis
1536 2525 1602 2564 tri-

254 2601 575 2656 bustquatuorve
604 2603 752 2654 foetae,
789 2603 965 2655 granulis
990 2603 1195 2655 permultis
1222 2602 1369 2643 liberis.
1426 2602 1604 2642 Tandem·
