1682 2938
901 141 983 183 192

258 248 352 287 nula
379 248 565 289 immittis.
630 249 992 294 Koelreuterus
1039 254 1140 294 hanc
1176 255 1474 298 exsudationem
1501 259 1601 309 jam-

251 326 335 376 jam
364 325 600 366 observavit.

367 403 468 443 Sunt
494 417 592 443 vero
619 404 780 456 pollinis
808 407 972 458 granula
1000 411 1066 447 aut
1091 409 1200 449 nulla
1227 410 1331 461 plica
1358 423 1511 462 porove
1529 424 1600 452 no-

257 483 348 530 tata,
376 484 443 520 aut
470 480 585 533 plicis
613 485 766 522 tantum
792 484 961 535 potisve,
990 489 1058 525 aut
1085 486 1201 538 plicis
1229 487 1390 538 porisve
1419 487 1546 528 simul.

369 557 544 597 Granula
571 558 712 598 nullo
738 573 860 611 poro
888 561 1090 603 nullave
1125 563 1259 614 plica
1293 568 1443 614 notata,
1479 577 1598 616 saepe

254 633 460 685 granulata
494 639 561 674 aut
602 636 851 676 verruculata
883 643 987 678 sunt.
1041 640 1084 678 In
1114 638 1317 690 Aroideis,
1356 641 1598 693 Alpiniaceis

256 715 295 750 et
323 711 459 751 Canna
485 725 567 751 non
595 725 687 752 raro
716 714 986 765 reperiuntur,
1014 716 1247 770 plerumque
1277 718 1526 769 subglobosa.

363 787 593 840 Sequuntur
626 790 789 840 granula
823 791 943 831 sulcis
978 804 1050 832 seu
1075 793 1190 845 plicis
1217 794 1399 846 insignita
1425 795 1596 846 longitu-

254 865 461 905 dinalibus.
489 865 618 905 Plicas
648 879 747 915 esse,
774 867 909 908 videre
925 868 1030 919 licet,
1059 871 1094 910 si
1109 884 1234 923 aquae
1262 872 1482 911 immittitur
1508 872 1596 923 pol-

252 943 342 982 linis
359 942 577 994 granulum,
605 956 696 982 nam
713 957 854 996 aquam
877 946 1045 995 attrahit,
1074 947 1309 997 intumescit,
1335 949 1376 987 in
1391 949 1595 1000 globosam

253 1019 481 1059 distrahitur
508 1020 693 1069 formam,
729 1024 770 1059 et
799 1021 934 1061 sulcus
962 1022 1037 1062 iste
1063 1035 1135 1062 seu
1169 1024 1274 1075 plica
1301 1025 1525 1065 extenditur
1550 1029 1596 1065 ut

251 1109 392 1148 parum
419 1096 460 1135 in
487 1101 744 1148 conspectum
770 1098 948 1148 prodeat.

362 1172 540 1213 Granula
567 1173 719 1213 sulcata
748 1178 787 1213 et
815 1174 973 1227 quidem
999 1176 1298 1227 unisulcata,
1335 1177 1447 1217 sulco
1475 1177 1595 1217 unico
1623 1203 1628 1208 -

250 1249 452 1299 instructa,
479 1251 711 1301 praesertim
738 1251 779 1290 in
805 1252 1103 1304 Monocotyleis
1138 1258 1364 1294 occurrunt.
1422 1253 1598 1294 Granula

251 1326 510 1367 bisulcata
537 1327 688 1367 rariora
717 1331 827 1376 sunt3
856 1328 1111 1370 inveniuntur
1137 1344 1236 1371 vero
1264 1331 1306 1370 in
1328 1331 1502 1395 Tigridia
1527 1345 1597 1384 pa-

249 1404 379 1453 vonia,
403 1404 676 1458 affinibusque.
722 1404 898 1444 Granula
925 1406 1194 1448 trisulcata
1222 1408 1263 1448 in
1277 1409 1498 1460 Dicotyleis
1518 1410 1596 1449 fre—

250 1481 517 1534 quentissima,
546 1482 674 1534 primo
690 1483 879 1534 adspectu
894 1483 1117 1524 unisulcata
1133 1490 1332 1537 apparent,
1361 1486 1420 1526 uti
1435 1487 1469 1525 F
1480 1487 1595 1525 ritz-

250 1558 418 1598 schius
452 1559 671 1609 adnotavit,
705 1559 795 1599 vide
824 1560 1035 1612 Digitalem
1062 1575 1302 1614 purpuream
1318 1561 1378 1613 ἦε),
1461 1563 1595 1603 Raris-

248 1635 347 1676 sima
387 1640 480 1676 sunt
525 1636 919 1689 quadrisuleata,
973 1638 1244 1691 frequentiora
1299 1640 1594 1680 sexsulcata

247 1713 481 1765 praesertim
519 1714 559 1753 in
594 1713 786 1762 Labiatis,
840 1715 1187 1756 multisulcata
1228 1717 1517 1769 elegantissima
1550 1717 1592 1756 in

248 1789 439 1842 Polygala
477 1790 645 1830 latifolia
681 1790 980 1842 conspiciuntur
1006 1792 1138 1832 statim
1173 1794 1425 1845 agnoscenda
1459 1797 1498 1833 et
1525 1794 1594 1833 ha-

248 1867 351 1907 bitus
391 1867 555 1919 proprii.
627 1868 865 1908 Observavit
889 1868 1114 1909 Mohlius
1152 1883 1360 1910 numerum
1386 1870 1591 1910 sulcorum

248 1958 320 1984 seu
353 1945 547 1996 plicarum
581 1945 735 1985 variare
763 1944 805 1984 in
838 1945 958 1985 variis
986 1945 1147 1998 plantis,
1183 1947 1415 1998 praesertim
1443 1946 1483 1986 in
1510 1947 1593 1986 Ru-

246 2022 405 2062 biaeeis.

355 2099 542 2138 Formam
569 2099 828 2151 granulorum
854 2099 1013 2152 pollinis
1041 2100 1129 2139 Pini
1159 2100 1399 2152 singularem
1428 2101 1478 2140 ad
1505 2101 1592 2139 uni-

245 2175 438 2215 sulcatam
464 2177 587 2216 refert
613 2177 849 2227 Mohlius,
877 2181 986 2217 recte
1013 2177 1071 2216 uti
1097 2177 1191 2216 mihi
1217 2177 1392 2224 videtum
1426 2177 1592 2217 interior

246 2265 375 2292 massa
400 2253 441 2291 in
469 2253 568 2292 duos
596 2253 780 2305 globulos
809 2258 870 2294 est
893 2254 1029 2305 divisa,
1057 2255 1178 2295 dorso
1195 2254 1420 2295 membrana
1441 2255 1590 2308 juncta,

249 2330 315 2370 cui
339 2330 445 2382 plica
473 2330 655 2382 opposita
683 2335 752 2371 est.

335 2507 371 2553 ⁴)
403 2507 441 2541 Si
464 2508 618 2541 cumulos
640 2508 779 2552 pollinis
807 2509 1064 2554 contemplaris,
1094 2509 1130 2543 in
1160 2522 1230 2555 quo
1261 2508 1427 2554 quaedam
1449 2508 1586 2550 granula

246 2563 374 2597 inversa
395 2564 600 2608 plerumque
621 2563 760 2605 adsunt,
794 2564 923 2599 facilius
952 2564 1111 2601 invenies.
1164 2566 1234 2601 sed
1263 2574 1352 2600 certe
1381 2565 1486 2600 multa
1508 2562 1584 2598 uni-

245 2619 368 2653 sulcata
390 2617 538 2654 immixta
559 2617 633 2653 sint.

1678 2545 1682 2585 f,

1678 2587 1682 2613 L
