1682 2938
892 125 973 168 144

269 232 478 285 imperialis
520 233 735 275 crinomate
778 236 1090 288 conspiciuntur,
1146 237 1299 277 cellulis
1345 250 1367 276 e
1408 239 1598 279 membra-
1660 281 1663 285 ,

270 310 330 349 nis
367 310 622 351 crassioribus
654 316 815 362 stratae,
871 326 971 366 quae
1005 314 1149 365 procul
1183 315 1302 354 dubio
1336 326 1497 354 succum
1533 328 1600 354 ex-

269 391 444 429 cernunt.

376 476 513 515 Partes
562 475 765 516 filiformes
810 476 1016 527 elongatae
1061 477 1102 516 in
1153 478 1304 518 corolla
1345 478 1598 529 Menyanthis

268 551 479 592 trifoliatae
511 557 725 605 emergunt.
787 553 820 592 E
861 554 1162 605 parenehymate
1202 559 1384 595 coustant
1425 555 1598 608 undique

267 628 424 680 papillis
457 632 597 668 tectae.

373 715 448 754 Pili
474 715 594 758 ¹certis
622 715 722 756 locis
749 717 932 768 producti
959 717 1075 768 huJus
1103 730 1260 770 quoque
1287 718 1367 757 loci
1396 724 1498 759 sunt.

372 804 403 843 P
413 817 464 843 ar
472 817 495 842 a
504 817 525 842 c
535 816 559 843 0
569 817 590 842 r
600 804 701 844 olla
710 809 770 844 est
780 805 932 844 corolla
939 805 1061 845 altera
1069 806 1202 857 spuria
1206 807 1323 857 juxta
1330 820 1463 846 veram
1472 812 1596 857 enata,

265 879 364 919 facie
393 880 439 919 ab
467 880 541 919 hac
568 880 733 931 diversa,
762 882 815 921 ita
831 886 876 920 ut
893 883 976 932 ejus
993 883 1189 934 duplicata
1218 896 1306 923 esse
1333 889 1511 935 nequeat.
1553 886 1598 923 111

264 956 508 996 Passifloreis
538 957 729 1005 occurrit,
756 958 824 996 ubi
850 959 1104 1010 monophylla
1132 964 1209 1008 est,
1243 960 1417 1011 margine
1443 973 1596 1001 summo
1654 978 1655 981 ¹

264 1034 305 1072 in
332 1045 545 1084 processus
572 1033 776 1072 filiformes
806 1034 960 1084 exiens,
997 1035 1081 1075 basi
1109 1049 1290 1085 carnosa,
1328 1050 1416 1075 cum
1451 1037 1597 1088 calycis

264 1109 348 1149 basi
374 1109 576 1148 urceolata
610 1121 682 1148 seu
716 1110 930 1161 hypanthio
968 1112 1162 1151 cohaeret.
1216 1113 1251 1151 A
1279 1113 1409 1152 multis
1437 1114 1599 1153 Botani-

265 1186 322 1226 cis
351 1186 497 1238 calycis
525 1186 721 1237 appendix
745 1192 931 1237 vocatur,
960 1189 1030 1227 sed
1058 1189 1199 1228 desunt
1226 1190 1375 1229 formae
1399 1189 1599 1230 luxurian-

263 1268 336 1312 tes,
366 1263 506 1316 qulbus
533 1276 629 1303 vera
655 1268 795 1304 natura
821 1265 983 1316 hujusce
1010 1266 1130 1317 partis
1159 1266 1409 1306 determinari
1435 1268 1571 1318 possit.

368 1351 602 1403 squamulas
638 1352 678 1392 in
707 1352 936 1392 Graminum
971 1354 1069 1392 flore
1104 1365 1200 1405 quas
1227 1354 1445 1393 nectarium
1479 1367 1597 1394 voca-

262 1429 320 1469 vit
346 1427 616 1478 Linnaeus,
646 1430 838 1470 corollam
864 1430 1118 1479 Hallerus,
1145 1430 1337 1470 lodiculas
1363 1431 1600 1471 Beauvoi-

263 1505 367 1546 sius
396 1505 648 1556 (Belvisius),
685 1507 978 1559 parapetala
1007 1507 1104 1556 dixi,
1142 1511 1222 1547 tam
1250 1507 1300 1546 ob
1329 1508 1502 1547 habitum
1529 1521 1598 1560 pe-

263 1582 461 1631 culiarem,
490 1596 581 1622 nam
607 1595 787 1635 squamas
816 1597 1002 1624 carnosas
1032 1584 1228 1633 exhibent,
1257 1597 1372 1636 quam
1389 1585 1439 1623 ob
1466 1585 1595 1635 situm,

261 1672 351 1698 cum
379 1659 501 1698 instar
526 1659 669 1711 ligulae
697 1661 887 1700 biauritae
915 1661 1142 1700 staminibus
1171 1662 1352 1713 apposita
1380 1661 1474 1710 sint,
1514 1665 1597 1700 tum

261 1749 419 1788 quoque
447 1736 540 1788 quia
566 1740 650 1776 tota
677 1743 822 1790 quanta
856 1751 877 1777 e
907 1738 1059 1777 cellulis
1090 1738 1309 1789 composita
1342 1741 1450 1786 sunt,
1493 1738 1596 1777 vasis

260 1813 549 1862 deficientibus,
593 1815 701 1866 quod
735 1827 817 1854 non
845 1815 974 1854 minus
1003 1814 1043 1853 in
1077 1814 1198 1865 ligula
1226 1814 1461 1853 observatur
1503 1814 1593 1864 (cfr.

260 1891 635 1930 Petermannum
663 1892 717 1931 de
747 1892 797 1931 fl.
827 1892 1023 1943 gramin.
1053 1891 1162 1940 52),
1199 1890 1265 1942 qui
1292 1894 1501 1942 utrumque
1528 1903 1595 1941 pa-

259 1966 479 2018 rapetalum
506 1967 665 2007 nomine
692 1968 923 2020 parapetalii
951 1966 1264 2020 comprehendit;
1306 1979 1377 2006 cur
1403 1980 1500 2006 vero
1528 1981 1596 2018 pa-

259 2043 496 2083 racorollam
523 2056 605 2083 non
632 2044 717 2084 vult
743 2044 959 2096 appellari?

366 2129 504 2171 Petala
536 2132 714 2172 Resedae
747 2135 953 2183 tantopere
991 2131 1174 2170 differunt
1201 2144 1224 2170 a
1251 2131 1354 2170 veris
1382 2130 1524 2182 petalis
1552 2135 1595 2170 ut

259 2208 309 2247 ad
335 2208 623 2259 parapetala
650 2210 852 2248 referrem.
895 2207 1006 2247 Basis
1035 2219 1200 2247 carnosa
1228 2208 1395 2256 dilatata,
1423 2219 1595 2258 superne

258 2296 385 2335 prope
404 2285 566 2335 apicem,
595 2286 666 2325 sed
690 2285 731 2324 in
752 2286 882 2333 dorso,
903 2285 1128 2336 phyllorum
1156 2284 1516 2335 angustissimorum
1534 2297 1596 2323 se-

259 2360 358 2400 riem
390 2360 572 2415 inflexam
599 2362 775 2403 sustinet.
841 2361 1027 2419 Sequitur
1061 2374 1221 2413 squama
1253 2361 1302 2400 ad
1330 2362 1481 2401 discum
1507 2375 1596 2413 per-

260 2437 389 2476 tinens
418 2438 583 2477 stamina
598 2452 818 2479 removens.
863 2438 1182 2490 Comparaverim
1197 2441 1331 2489 partes
1358 2439 1476 2478 hasce
1504 2452 1592 2478 eum

257 2514 492 2565 parapetalis
527 2526 598 2553 seu
639 2516 975 2565 parastemonibus
1015 2514 1220 2566 (nectariis
1255 2515 1388 2565 Linn.)
1430 2516 1592 2555 Parnas-

258 2589 339 2630 siae
368 2603 467 2643 quae
493 2591 633 2644 petalis
662 2592 845 2644 opposita
874 2596 913 2633 et
944 2592 1028 2632 basi
1055 2593 1210 2643 adnata,
1238 2592 1379 2632 horum
1405 2591 1591 2644 appendi-
