<?xml version="1.0" encoding="UTF-8"?>
<!DOCTYPE html PUBLIC "-//W3C//DTD XHTML 1.0 Transitional//EN"
    "http://www.w3.org/TR/xhtml1/DTD/xhtml1-transitional.dtd">
<html xmlns="http://www.w3.org/1999/xhtml" xml:lang="en" lang="en">
 <head>
  <title>
</title>
<meta http-equiv="Content-Type" content="text/html;charset=utf-8" />
  <meta name='ocr-system' content='tesseract 3.04.00' />
  <meta name='ocr-capabilities' content='ocr_page ocr_carea ocr_par ocr_line ocrx_word'/>
</head>
<body>
  <div class='ocr_page' id='page_1' title='image "./elementaphilosop02linkuoft_0348.png"; bbox 0 0 1682 2938; ppageno 0'>
   <div class='ocr_carea' id='block_1_1' title="bbox 899 128 983 170">
    <p class='ocr_par' dir='ltr' id='par_1_1' title="bbox 899 128 983 170">
     <span class='ocr_line' id='line_1_1' title="bbox 899 128 983 170; baseline 0 0"><span class='ocrx_word' id='word_1_1' title='bbox 899 128 983 170; x_wconf 81' lang='lat'>326</span> 
     </span>
    </p>
   </div>
   <div class='ocr_carea' id='block_1_2' title="bbox 265 222 1665 1445">
    <p class='ocr_par' dir='ltr' id='par_1_2' title="bbox 265 222 1665 1445">
     <span class='ocr_line' id='line_1_2' title="bbox 266 222 1663 295; baseline 0.007 -22"><span class='ocrx_word' id='word_1_2' title='bbox 266 235 435 287; x_wconf 82' lang='lat' dir='ltr'>Semper</span> <span class='ocrx_word' id='word_1_3' title='bbox 464 236 657 287; x_wconf 89' lang='lat' dir='ltr'>operculo</span> <span class='ocrx_word' id='word_1_4' title='bbox 686 242 835 278; x_wconf 85' lang='lat' dir='ltr'>carent.</span> <span class='ocrx_word' id='word_1_5' title='bbox 891 239 935 278; x_wconf 88' lang='lat' dir='ltr'>In</span> <span class='ocrx_word' id='word_1_6' title='bbox 970 239 1359 291; x_wconf 85' lang='lat' dir='ltr'>Jungermannia</span> <span class='ocrx_word' id='word_1_7' title='bbox 1397 241 1617 295; x_wconf 84' lang='lat' dir='ltr'>quadrival-</span> <span class='ocrx_word' id='word_1_8' title='bbox 1656 222 1663 277; x_wconf 19' lang='lat' dir='ltr'>*v</span> 
     </span>
     <span class='ocr_line' id='line_1_3' title="bbox 266 312 1618 370; baseline 0.007 -20"><span class='ocrx_word' id='word_1_9' title='bbox 266 312 330 351; x_wconf 86' lang='lat' dir='ltr'>via</span> <span class='ocrx_word' id='word_1_10' title='bbox 358 316 470 361; x_wconf 84' lang='lat' dir='ltr'>suut,</span> <span class='ocrx_word' id='word_1_11' title='bbox 517 313 673 354; x_wconf 88' lang='lat' dir='ltr'>cellulis</span> <span class='ocrx_word' id='word_1_12' title='bbox 701 315 856 355; x_wconf 85' lang='lat' dir='ltr'>fibrosis</span> <span class='ocrx_word' id='word_1_13' title='bbox 886 316 1059 368; x_wconf 85' lang='lat' dir='ltr'>repleta,</span> <span class='ocrx_word' id='word_1_14' title='bbox 1101 317 1206 357; x_wconf 89' lang='lat' dir='ltr'>unde</span> <span class='ocrx_word' id='word_1_15' title='bbox 1234 330 1377 370; x_wconf 88' lang='lat' dir='ltr'>sporae</span> <span class='ocrx_word' id='word_1_16' title='bbox 1406 318 1618 360; x_wconf 87' lang='lat' dir='ltr'>elateribus</span> 
     </span>
     <span class='ocr_line' id='line_1_4' title="bbox 267 380 1661 445; baseline 0.005 -16"><span class='ocrx_word' id='word_1_17' title='bbox 267 401 339 430; x_wconf 82' lang='lat' dir='ltr'>seu</span> <span class='ocrx_word' id='word_1_18' title='bbox 366 389 475 428; x_wconf 88' lang='lat' dir='ltr'>fibris</span> <span class='ocrx_word' id='word_1_19' title='bbox 506 389 738 430; x_wconf 77' lang='lat' dir='ltr'>cellularum</span> <span class='ocrx_word' id='word_1_20' title='bbox 766 392 1002 432; x_wconf 84' lang='lat' dir='ltr'>fibrosarum</span> <span class='ocrx_word' id='word_1_21' title='bbox 1036 393 1131 445; x_wconf 87' lang='lat' dir='ltr'>ipsis</span> <span class='ocrx_word' id='word_1_22' title='bbox 1167 395 1321 434; x_wconf 88' lang='lat' dir='ltr'>cellulis</span> <span class='ocrx_word' id='word_1_23' title='bbox 1350 396 1619 435; x_wconf 86' lang='lat' dir='ltr'>evanescenti-</span> <span class='ocrx_word' id='word_1_24' title='bbox 1657 380 1661 418; x_wconf 58' lang='lat' dir='ltr'>s</span> 
     </span>
     <span class='ocr_line' id='line_1_5' title="bbox 267 466 1664 522; baseline 0.004 -15"><span class='ocrx_word' id='word_1_25' title='bbox 267 466 341 508; x_wconf 88' lang='lat' dir='ltr'>bus</span> <span class='ocrx_word' id='word_1_26' title='bbox 361 466 617 509; x_wconf 79' lang='lat' dir='ltr'><strong>sustinentur.</strong></span> <span class='ocrx_word' id='word_1_27' title='bbox 653 469 821 509; x_wconf 82' lang='lat' dir='ltr'>Juniora</span> <span class='ocrx_word' id='word_1_28' title='bbox 834 469 950 521; x_wconf 90' lang='lat' dir='ltr'>plura</span> <span class='ocrx_word' id='word_1_29' title='bbox 968 470 1148 521; x_wconf 84' lang='lat' dir='ltr'>apposita</span> <span class='ocrx_word' id='word_1_30' title='bbox 1164 471 1374 522; x_wconf 86' lang='lat' dir='ltr'>pollinaria</span> <span class='ocrx_word' id='word_1_31' title='bbox 1401 472 1506 511; x_wconf 86' lang='lat' dir='ltr'>nuda</span> <span class='ocrx_word' id='word_1_32' title='bbox 1532 471 1620 512; x_wconf 92' lang='lat' dir='ltr'>nul-</span> <span class='ocrx_word' id='word_1_33' title='bbox 1662 510 1664 513; x_wconf 81' lang='grc'>,</span> 
     </span>
     <span class='ocr_line' id='line_1_6' title="bbox 266 542 1618 601; baseline 0.005 -19"><span class='ocrx_word' id='word_1_34' title='bbox 266 542 316 586; x_wconf 87' lang='lat' dir='ltr'>lis</span> <span class='ocrx_word' id='word_1_35' title='bbox 343 544 631 595; x_wconf 79' lang='lat' dir='ltr'>paraphysibus</span> <span class='ocrx_word' id='word_1_36' title='bbox 659 546 801 597; x_wconf 83' lang='lat' dir='ltr'>stipata</span> <span class='ocrx_word' id='word_1_37' title='bbox 829 546 871 585; x_wconf 89' lang='lat' dir='ltr'>in</span> <span class='ocrx_word' id='word_1_38' title='bbox 900 546 1030 586; x_wconf 81' lang='lat' dir='ltr'>axillis</span> <span class='ocrx_word' id='word_1_39' title='bbox 1059 547 1312 588; x_wconf 87' lang='lat' dir='ltr'>inveniuntur</span> <span class='ocrx_word' id='word_1_40' title='bbox 1340 552 1408 588; x_wconf 88' lang='lat' dir='ltr'>aut</span> <span class='ocrx_word' id='word_1_41' title='bbox 1435 548 1476 588; x_wconf 92' lang='lat' dir='ltr'>in</span> <span class='ocrx_word' id='word_1_42' title='bbox 1504 549 1618 601; x_wconf 82' lang='lat' dir='ltr'>apice</span> 
     </span>
     <span class='ocr_line' id='line_1_7' title="bbox 267 621 1664 677; baseline 0.006 -17"><span class='ocrx_word' id='word_1_43' title='bbox 267 621 456 666; x_wconf 79' lang='lat' dir='ltr'>foliorum</span> <span class='ocrx_word' id='word_1_44' title='bbox 507 622 684 666; x_wconf 75' lang='lat' dir='ltr'>inclusae</span> <span class='ocrx_word' id='word_1_45' title='bbox 738 622 994 674; x_wconf 88' lang='lat' dir='ltr'>sporidochio</span> <span class='ocrx_word' id='word_1_46' title='bbox 1043 624 1218 677; x_wconf 88' lang='lat' dir='ltr'>undique</span> <span class='ocrx_word' id='word_1_47' title='bbox 1268 626 1418 666; x_wconf 87' lang='lat' dir='ltr'>clauso.</span> <span class='ocrx_word' id='word_1_48' title='bbox 1467 648 1520 654; x_wconf 95' lang='lat'>——</span> <span class='ocrx_word' id='word_1_49' title='bbox 1575 626 1621 669; x_wconf 80' lang='lat' dir='ltr'>In</span> <span class='ocrx_word' id='word_1_50' title='bbox 1663 624 1664 627; x_wconf 30' lang='lat'>¹</span> 
     </span>
     <span class='ocr_line' id='line_1_8' title="bbox 265 686 1665 752; baseline 0.004 -14"><span class='ocrx_word' id='word_1_51' title='bbox 265 698 526 744; x_wconf 78' lang='lat' dir='ltr'>Marchantiis</span> <span class='ocrx_word' id='word_1_52' title='bbox 575 698 828 750; x_wconf 81' lang='lat' dir='ltr'>sporidochia</span> <span class='ocrx_word' id='word_1_53' title='bbox 870 704 962 739; x_wconf 88' lang='lat' dir='ltr'>sunt</span> <span class='ocrx_word' id='word_1_54' title='bbox 1005 700 1154 752; x_wconf 86' lang='lat' dir='ltr'>peltata</span> <span class='ocrx_word' id='word_1_55' title='bbox 1192 701 1319 741; x_wconf 86' lang='lat' dir='ltr'>dioica</span> <span class='ocrx_word' id='word_1_56' title='bbox 1355 702 1622 746; x_wconf 88' lang='lat' dir='ltr'>masculorum</span> <span class='ocrx_word' id='word_1_57' title='bbox 1664 686 1665 689; x_wconf 11' lang='grc' dir='ltr'><strong>Ἴ</strong></span> 
     </span>
     <span class='ocr_line' id='line_1_9' title="bbox 267 771 1664 831; baseline 0.002 -15"><span class='ocrx_word' id='word_1_58' title='bbox 267 776 530 821; x_wconf 74' lang='lat' dir='ltr'>femineorum</span> <span class='ocrx_word' id='word_1_59' title='bbox 557 776 667 817; x_wconf 88' lang='lat' dir='ltr'>var-ia</span> <span class='ocrx_word' id='word_1_60' title='bbox 694 777 840 824; x_wconf 84' lang='lat' dir='ltr'>forma3</span> <span class='ocrx_word' id='word_1_61' title='bbox 885 776 954 816; x_wconf 82' lang='lat' dir='ltr'>illa</span> <span class='ocrx_word' id='word_1_62' title='bbox 980 777 1083 819; x_wconf 83' lang='lat' dir='ltr'>intra</span> <span class='ocrx_word' id='word_1_63' title='bbox 1118 777 1276 818; x_wconf 90' lang='lat' dir='ltr'>loculos</span> <span class='ocrx_word' id='word_1_64' title='bbox 1304 779 1514 831; x_wconf 85' lang='lat' dir='ltr'>pollinaria</span> <span class='ocrx_word' id='word_1_65' title='bbox 1541 779 1622 819; x_wconf 49' lang='lat' dir='ltr'>sin*</span> <span class='ocrx_word' id='word_1_66' title='bbox 1662 771 1664 773; x_wconf 37' lang='lat'>¹</span> 
     </span>
     <span class='ocr_line' id='line_1_10' title="bbox 266 852 1619 908; baseline 0.003 -16"><span class='ocrx_word' id='word_1_67' title='bbox 266 852 360 904; x_wconf 82' lang='lat' dir='ltr'>gula</span> <span class='ocrx_word' id='word_1_68' title='bbox 387 852 611 902; x_wconf 82' lang='lat' dir='ltr'>continent,</span> <span class='ocrx_word' id='word_1_69' title='bbox 651 852 750 892; x_wconf 91' lang='lat' dir='ltr'>haec</span> <span class='ocrx_word' id='word_1_70' title='bbox 785 853 997 905; x_wconf 85' lang='lat' dir='ltr'>sporangia</span> <span class='ocrx_word' id='word_1_71' title='bbox 1037 854 1148 893; x_wconf 88' lang='lat' dir='ltr'>initio</span> <span class='ocrx_word' id='word_1_72' title='bbox 1184 855 1300 906; x_wconf 82' lang='lat' dir='ltr'>plura</span> <span class='ocrx_word' id='word_1_73' title='bbox 1332 860 1416 899; x_wconf 89' lang='lat' dir='ltr'>tum</span> <span class='ocrx_word' id='word_1_74' title='bbox 1453 855 1619 908; x_wconf 86' lang='lat' dir='ltr'>singula,</span> 
     </span>
     <span class='ocr_line' id='line_1_11' title="bbox 266 929 1624 982; baseline 0.004 -14"><span class='ocrx_word' id='word_1_75' title='bbox 266 929 351 971; x_wconf 83' lang='lat' dir='ltr'>basi</span> <span class='ocrx_word' id='word_1_76' title='bbox 379 929 759 981; x_wconf 82' lang='lat' dir='ltr'>parenchymatosae</span> <span class='ocrx_word' id='word_1_77' title='bbox 788 929 974 982; x_wconf 87' lang='lat' dir='ltr'>imposita</span> <span class='ocrx_word' id='word_1_78' title='bbox 1008 930 1120 982; x_wconf 82' lang='lat' dir='ltr'>apice</span> <span class='ocrx_word' id='word_1_79' title='bbox 1156 931 1409 973; x_wconf 82' lang='lat' dir='ltr'>dehiscentia.</span> <span class='ocrx_word' id='word_1_80' title='bbox 1447 931 1624 973; x_wconf 51' lang='lat' dir='ltr'>‘Germi-</span> 
     </span>
     <span class='ocr_line' id='line_1_12' title="bbox 265 998 1623 1060; baseline 0.004 -14"><span class='ocrx_word' id='word_1_81' title='bbox 265 1006 470 1051; x_wconf 82' lang='lat' dir='ltr'>nationem</span> <span class='ocrx_word' id='word_1_82' title='bbox 502 1010 687 1046; x_wconf 86' lang='lat' dir='ltr'>accurate</span> <span class='ocrx_word' id='word_1_83' title='bbox 732 1007 960 1048; x_wconf 85' lang='lat' dir='ltr'>observavit</span> <span class='ocrx_word' id='word_1_84' title='bbox 995 1007 1265 1048; x_wconf 88' lang='lat' dir='ltr'>Mir-belius</span> <span class='ocrx_word' id='word_1_85' title='bbox 1315 998 1394 1060; x_wconf 88' lang='lat' dir='ltr'>(N.</span> <span class='ocrx_word' id='word_1_86' title='bbox 1428 1010 1547 1050; x_wconf 88' lang='lat' dir='ltr'>Ann.</span> <span class='ocrx_word' id='word_1_87' title='bbox 1584 1011 1623 1053; x_wconf 58' lang='lat' dir='ltr'>d,</span> 
     </span>
     <span class='ocr_line' id='line_1_13' title="bbox 265 1081 1624 1137; baseline 0.004 -15"><span class='ocrx_word' id='word_1_88' title='bbox 265 1082 389 1127; x_wconf 72' lang='lat' dir='ltr'>Mus.</span> <span class='ocrx_word' id='word_1_89' title='bbox 420 1083 466 1123; x_wconf 83' lang='lat' dir='ltr'>T.</span> <span class='ocrx_word' id='word_1_90' title='bbox 486 1081 522 1123; x_wconf 94' lang='lat'>1.</span> <span class='ocrx_word' id='word_1_91' title='bbox 553 1096 591 1134; x_wconf 91' lang='lat' dir='ltr'>p.</span> <span class='ocrx_word' id='word_1_92' title='bbox 609 1082 675 1124; x_wconf 89' lang='lat'>93.</span> <span class='ocrx_word' id='word_1_93' title='bbox 706 1088 732 1127; x_wconf 76' lang='lat' dir='ltr'>t,</span> <span class='ocrx_word' id='word_1_94' title='bbox 750 1082 809 1135; x_wconf 80' lang='lat'>4.)</span> <span class='ocrx_word' id='word_1_95' title='bbox 839 1084 983 1124; x_wconf 86' lang='lat' dir='ltr'>cellula</span> <span class='ocrx_word' id='word_1_96' title='bbox 1011 1085 1195 1124; x_wconf 89' lang='lat' dir='ltr'>cellulam</span> <span class='ocrx_word' id='word_1_97' title='bbox 1223 1086 1418 1137; x_wconf 85' lang='lat' dir='ltr'>gignente,</span> <span class='ocrx_word' id='word_1_98' title='bbox 1446 1088 1624 1127; x_wconf 85' lang='lat' dir='ltr'>radicula</span> 
     </span>
     <span class='ocr_line' id='line_1_14' title="bbox 267 1158 1625 1215; baseline 0.005 -16"><span class='ocrx_word' id='word_1_99' title='bbox 267 1158 428 1209; x_wconf 84' lang='lat' dir='ltr'>emissa,</span> <span class='ocrx_word' id='word_1_100' title='bbox 470 1173 607 1203; x_wconf 84' lang='lat' dir='ltr'>omnes</span> <span class='ocrx_word' id='word_1_101' title='bbox 645 1160 814 1200; x_wconf 84' lang='lat' dir='ltr'>cellulae</span> <span class='ocrx_word' id='word_1_102' title='bbox 841 1161 1026 1201; x_wconf 84' lang='lat' dir='ltr'>vesiculis</span> <span class='ocrx_word' id='word_1_103' title='bbox 1055 1161 1245 1202; x_wconf 84' lang='lat' dir='ltr'>viridibus</span> <span class='ocrx_word' id='word_1_104' title='bbox 1274 1163 1461 1215; x_wconf 82' lang='lat' dir='ltr'>repletae.</span> <span class='ocrx_word' id='word_1_105' title='bbox 1491 1187 1544 1194; x_wconf 94' lang='grc'>-</span> <span class='ocrx_word' id='word_1_106' title='bbox 1580 1165 1625 1206; x_wconf 84' lang='lat' dir='ltr'>In</span> 
     </span>
     <span class='ocr_line' id='line_1_15' title="bbox 266 1235 1625 1291; baseline 0.004 -14"><span class='ocrx_word' id='word_1_107' title='bbox 266 1235 542 1277; x_wconf 86' lang='lat' dir='ltr'>Anthocerote</span> <span class='ocrx_word' id='word_1_108' title='bbox 570 1238 778 1289; x_wconf 86' lang='lat' dir='ltr'>pyxidium</span> <span class='ocrx_word' id='word_1_109' title='bbox 806 1237 972 1278; x_wconf 90' lang='lat' dir='ltr'>bivalve.</span> <span class='ocrx_word' id='word_1_110' title='bbox 1003 1262 1054 1271; x_wconf 88' lang='lat'>—-</span> <span class='ocrx_word' id='word_1_111' title='bbox 1082 1239 1127 1278; x_wconf 90' lang='lat' dir='ltr'>ln</span> <span class='ocrx_word' id='word_1_112' title='bbox 1153 1239 1291 1279; x_wconf 85' lang='lat' dir='ltr'>Riccia</span> <span class='ocrx_word' id='word_1_113' title='bbox 1319 1241 1525 1291; x_wconf 84' lang='lat' dir='ltr'>pyxidium</span> <span class='ocrx_word' id='word_1_114' title='bbox 1553 1242 1625 1283; x_wconf 89' lang='lat' dir='ltr'>im-</span> 
     </span>
     <span class='ocr_line' id='line_1_16' title="bbox 266 1314 1621 1367; baseline 0.005 -15"><span class='ocrx_word' id='word_1_115' title='bbox 266 1325 458 1362; x_wconf 83' lang='lat' dir='ltr'>mersum,</span> <span class='ocrx_word' id='word_1_116' title='bbox 514 1325 596 1357; x_wconf 89' lang='lat' dir='ltr'>non</span> <span class='ocrx_word' id='word_1_117' title='bbox 633 1314 856 1364; x_wconf 79' lang='lat' dir='ltr'>dehiscenS‚</span> <span class='ocrx_word' id='word_1_118' title='bbox 913 1315 1020 1367; x_wconf 90' lang='lat' dir='ltr'>stylo</span> <span class='ocrx_word' id='word_1_119' title='bbox 1057 1316 1214 1355; x_wconf 89' lang='lat' dir='ltr'>demum</span> <span class='ocrx_word' id='word_1_120' title='bbox 1253 1322 1515 1361; x_wconf 83' lang='lat' dir='ltr'>evanescente</span> <span class='ocrx_word' id='word_1_121' title='bbox 1552 1319 1621 1365; x_wconf 79' lang='lat' dir='ltr'>cfr,</span> 
     </span>
     <span class='ocr_line' id='line_1_17' title="bbox 268 1390 1427 1445; baseline 0.005 -16"><span class='ocrx_word' id='word_1_122' title='bbox 268 1390 472 1436; x_wconf 81' lang='lat' dir='ltr'>Hooker</span> <span class='ocrx_word' id='word_1_123' title='bbox 499 1391 672 1436; x_wconf 84' lang='lat' dir='ltr'>Botan.</span> <span class='ocrx_word' id='word_1_124' title='bbox 704 1392 1013 1444; x_wconf 85' lang='lat' dir='ltr'>Miscellany</span> <span class='ocrx_word' id='word_1_125' title='bbox 1041 1394 1083 1432; x_wconf 87' lang='lat' dir='ltr'>P.</span> <span class='ocrx_word' id='word_1_126' title='bbox 1099 1391 1135 1433; x_wconf 89' lang='lat'>1.</span> <span class='ocrx_word' id='word_1_127' title='bbox 1164 1406 1202 1445; x_wconf 86' lang='lat' dir='ltr'>p.</span> <span class='ocrx_word' id='word_1_128' title='bbox 1220 1391 1286 1434; x_wconf 86' lang='lat'>41.</span> <span class='ocrx_word' id='word_1_129' title='bbox 1316 1399 1343 1439; x_wconf 75' lang='lat' dir='ltr'>t,</span> <span class='ocrx_word' id='word_1_130' title='bbox 1360 1394 1427 1438; x_wconf 78' lang='lat'>22.</span> 
     </span>
    </p>
   </div>
   <div class='ocr_carea' id='block_1_3' title="bbox 265 1555 1664 2610">
    <p class='ocr_par' dir='ltr' id='par_1_3' title="bbox 265 1555 1667 2610">
     <span class='ocr_line' id='line_1_18' title="bbox 376 1555 1639 1613; baseline 0.005 -19"><span class='ocrx_word' id='word_1_131' title='bbox 376 1557 422 1595; x_wconf 93' lang='lat' dir='ltr'>ln</span> <span class='ocrx_word' id='word_1_132' title='bbox 436 1555 553 1596; x_wconf 85' lang='lat' dir='ltr'>Lich</span> <span class='ocrx_word' id='word_1_133' title='bbox 565 1568 585 1595; x_wconf 89' lang='lat' dir='ltr'>e</span> <span class='ocrx_word' id='word_1_134' title='bbox 597 1556 740 1596; x_wconf 87' lang='lat' dir='ltr'>nibus</span> <span class='ocrx_word' id='word_1_135' title='bbox 757 1557 937 1608; x_wconf 82' lang='lat' dir='ltr'>plurimis</span> <span class='ocrx_word' id='word_1_136' title='bbox 956 1559 1168 1610; x_wconf 79' lang='lat' dir='ltr'>spor-augia</span> <span class='ocrx_word' id='word_1_137' title='bbox 1187 1559 1295 1598; x_wconf 90' lang='lat' dir='ltr'>nulla</span> <span class='ocrx_word' id='word_1_138' title='bbox 1311 1560 1445 1599; x_wconf 86' lang='lat' dir='ltr'>tunica</span> <span class='ocrx_word' id='word_1_139' title='bbox 1460 1561 1639 1613; x_wconf 54' lang='lat' dir='ltr'>propria⁴</span> 
     </span>
     <span class='ocr_line' id='line_1_19' title="bbox 269 1620 1664 1688; baseline 0.001 -13"><span class='ocrx_word' id='word_1_140' title='bbox 269 1633 409 1675; x_wconf 75' lang='lat' dir='ltr'>amicta</span> <span class='ocrx_word' id='word_1_141' title='bbox 417 1637 630 1676; x_wconf 81' lang='lat' dir='ltr'>constante</span> <span class='ocrx_word' id='word_1_142' title='bbox 643 1637 768 1672; x_wconf 83' lang='lat' dir='ltr'>strato</span> <span class='ocrx_word' id='word_1_143' title='bbox 780 1634 1010 1686; x_wconf 82' lang='lat' dir='ltr'>thecigeroe</span> <span class='ocrx_word' id='word_1_144' title='bbox 1027 1635 1104 1675; x_wconf 91' lang='lat' dir='ltr'>the</span> <span class='ocrx_word' id='word_1_145' title='bbox 1115 1635 1185 1675; x_wconf 88' lang='lat' dir='ltr'>cis</span> <span class='ocrx_word' id='word_1_146' title='bbox 1202 1648 1274 1676; x_wconf 90' lang='lat' dir='ltr'>seu</span> <span class='ocrx_word' id='word_1_147' title='bbox 1283 1637 1387 1676; x_wconf 86' lang='lat' dir='ltr'>tubis</span> <span class='ocrx_word' id='word_1_148' title='bbox 1399 1636 1624 1688; x_wconf 88' lang='lat' dir='ltr'>cylindricis</span> <span class='ocrx_word' id='word_1_149' title='bbox 1654 1620 1664 1645; x_wconf 14' lang='grc' dir='ltr'><strong>ᾖ</strong></span> 
     </span>
     <span class='ocr_line' id='line_1_20' title="bbox 268 1710 1623 1771; baseline 0.004 -22"><span class='ocrx_word' id='word_1_150' title='bbox 268 1722 408 1762; x_wconf 83' lang='lat' dir='ltr'>sporas</span> <span class='ocrx_word' id='word_1_151' title='bbox 437 1710 610 1753; x_wconf 81' lang='lat' dir='ltr'>seriatim</span> <span class='ocrx_word' id='word_1_152' title='bbox 632 1710 926 1750; x_wconf 87' lang='lat' dir='ltr'>continentibus</span> <span class='ocrx_word' id='word_1_153' title='bbox 946 1711 1137 1763; x_wconf 87' lang='lat' dir='ltr'>appositis</span> <span class='ocrx_word' id='word_1_154' title='bbox 1155 1712 1366 1764; x_wconf 82' lang='lat' dir='ltr'>parallelis,</span> <span class='ocrx_word' id='word_1_155' title='bbox 1394 1714 1498 1754; x_wconf 86' lang='lat' dir='ltr'>inter</span> <span class='ocrx_word' id='word_1_156' title='bbox 1526 1727 1623 1771; x_wconf 82' lang='lat' dir='ltr'>quas</span> 
     </span>
     <span class='ocr_line' id='line_1_21' title="bbox 270 1786 1622 1842; baseline 0.007 -17"><span class='ocrx_word' id='word_1_157' title='bbox 270 1786 415 1832; x_wconf 79' lang='lat' dir='ltr'>multae</span> <span class='ocrx_word' id='word_1_158' title='bbox 450 1787 589 1827; x_wconf 86' lang='lat' dir='ltr'>thecae</span> <span class='ocrx_word' id='word_1_159' title='bbox 627 1787 793 1826; x_wconf 87' lang='lat' dir='ltr'>effoetae</span> <span class='ocrx_word' id='word_1_160' title='bbox 823 1787 894 1837; x_wconf 84' lang='lat'>(?)</span> <span class='ocrx_word' id='word_1_161' title='bbox 923 1792 990 1826; x_wconf 90' lang='lat' dir='ltr'>aut</span> <span class='ocrx_word' id='word_1_162' title='bbox 1026 1801 1108 1829; x_wconf 89' lang='lat' dir='ltr'>non</span> <span class='ocrx_word' id='word_1_163' title='bbox 1142 1790 1343 1841; x_wconf 86' lang='lat' dir='ltr'>perfectae</span> <span class='ocrx_word' id='word_1_164' title='bbox 1371 1789 1442 1842; x_wconf 64' lang='lat' dir='ltr'>(P)</span> <span class='ocrx_word' id='word_1_165' title='bbox 1469 1792 1622 1837; x_wconf 72' lang='lat' dir='ltr'>adsunt,</span> 
     </span>
     <span class='ocr_line' id='line_1_22' title="bbox 268 1863 1664 1916; baseline 0.002 -12"><span class='ocrx_word' id='word_1_166' title='bbox 268 1863 445 1904; x_wconf 81' lang='lat' dir='ltr'>Stratum</span> <span class='ocrx_word' id='word_1_167' title='bbox 471 1864 577 1903; x_wconf 84' lang='lat' dir='ltr'>istud</span> <span class='ocrx_word' id='word_1_168' title='bbox 605 1868 769 1904; x_wconf 88' lang='lat' dir='ltr'>externe</span> <span class='ocrx_word' id='word_1_169' title='bbox 798 1864 1026 1916; x_wconf 86' lang='lat' dir='ltr'>impositum</span> <span class='ocrx_word' id='word_1_170' title='bbox 1060 1870 1135 1915; x_wconf 86' lang='lat' dir='ltr'>est,</span> <span class='ocrx_word' id='word_1_171' title='bbox 1178 1866 1304 1906; x_wconf 86' lang='lat' dir='ltr'>rarius</span> <span class='ocrx_word' id='word_1_172' title='bbox 1333 1867 1471 1907; x_wconf 85' lang='lat' dir='ltr'>thecae</span> <span class='ocrx_word' id='word_1_173' title='bbox 1499 1867 1625 1907; x_wconf 58' lang='lat' dir='ltr'>inclu÷</span> <span class='ocrx_word' id='word_1_174' title='bbox 1660 1871 1664 1916; x_wconf 78' lang='lat'>³:</span> 
     </span>
     <span class='ocr_line' id='line_1_23' title="bbox 268 1931 1662 1993; baseline 0.003 -13"><span class='ocrx_word' id='word_1_175' title='bbox 268 1953 335 1980; x_wconf 88' lang='lat' dir='ltr'>sae</span> <span class='ocrx_word' id='word_1_176' title='bbox 364 1944 456 1981; x_wconf 83' lang='lat' dir='ltr'>sunt</span> <span class='ocrx_word' id='word_1_177' title='bbox 481 1941 820 1993; x_wconf 82' lang='lat' dir='ltr'>(Endocarpeae).</span> <span class='ocrx_word' id='word_1_178' title='bbox 878 1942 1033 1982; x_wconf 86' lang='lat' dir='ltr'>Thecae</span> <span class='ocrx_word' id='word_1_179' title='bbox 1072 1942 1270 1982; x_wconf 89' lang='lat' dir='ltr'>interdum</span> <span class='ocrx_word' id='word_1_180' title='bbox 1298 1943 1340 1983; x_wconf 92' lang='lat' dir='ltr'>in</span> <span class='ocrx_word' id='word_1_181' title='bbox 1366 1944 1537 1986; x_wconf 83' lang='lat' dir='ltr'>articula</span> <span class='ocrx_word' id='word_1_182' title='bbox 1568 1945 1625 1984; x_wconf 86' lang='lat' dir='ltr'>di.-</span> <span class='ocrx_word' id='word_1_183' title='bbox 1656 1931 1662 1966; x_wconf 78' lang='lat'>.[</span> 
     </span>
     <span class='ocr_line' id='line_1_24' title="bbox 267 2017 1661 2072; baseline 0.002 -15"><span class='ocrx_word' id='word_1_184' title='bbox 267 2017 456 2063; x_wconf 85' lang='lat' dir='ltr'>labuntur</span> <span class='ocrx_word' id='word_1_185' title='bbox 483 2019 703 2059; x_wconf 89' lang='lat' dir='ltr'>secundum</span> <span class='ocrx_word' id='word_1_186' title='bbox 733 2031 874 2071; x_wconf 84' lang='lat' dir='ltr'>spor-as</span> <span class='ocrx_word' id='word_1_187' title='bbox 913 2023 957 2062; x_wconf 88' lang='lat' dir='ltr'>ut</span> <span class='ocrx_word' id='word_1_188' title='bbox 985 2019 1026 2058; x_wconf 90' lang='lat' dir='ltr'>in</span> <span class='ocrx_word' id='word_1_189' title='bbox 1054 2019 1375 2072; x_wconf 86' lang='lat' dir='ltr'>Sphaerophoro.</span> <span class='ocrx_word' id='word_1_190' title='bbox 1433 2021 1534 2063; x_wconf 86' lang='lat' dir='ltr'>Sunt</span> <span class='ocrx_word' id='word_1_191' title='bbox 1562 2021 1624 2062; x_wconf 88' lang='lat' dir='ltr'>Li-.</span> <span class='ocrx_word' id='word_1_192' title='bbox 1655 2024 1661 2061; x_wconf 77' lang='grc'>,’</span> 
     </span>
     <span class='ocr_line' id='line_1_25' title="bbox 269 2095 1625 2149; baseline 0.004 -17"><span class='ocrx_word' id='word_1_193' title='bbox 269 2095 430 2144; x_wconf 85' lang='lat' dir='ltr'>chenes,</span> <span class='ocrx_word' id='word_1_194' title='bbox 460 2095 528 2149; x_wconf 88' lang='lat' dir='ltr'>qui</span> <span class='ocrx_word' id='word_1_195' title='bbox 556 2108 698 2147; x_wconf 83' lang='lat' dir='ltr'>sporas</span> <span class='ocrx_word' id='word_1_196' title='bbox 727 2109 887 2148; x_wconf 85' lang='lat' dir='ltr'>sparsas</span> <span class='ocrx_word' id='word_1_197' title='bbox 914 2097 1136 2148; x_wconf 83' lang='lat' dir='ltr'>sporangiis</span> <span class='ocrx_word' id='word_1_198' title='bbox 1165 2097 1338 2137; x_wconf 80' lang='lat' dir='ltr'>inclusas</span> <span class='ocrx_word' id='word_1_199' title='bbox 1367 2098 1529 2148; x_wconf 86' lang='lat' dir='ltr'>habent,</span> <span class='ocrx_word' id='word_1_200' title='bbox 1565 2098 1625 2143; x_wconf 81' lang='lat' dir='ltr'>uti</span> 
     </span>
     <span class='ocr_line' id='line_1_26' title="bbox 269 2171 1624 2228; baseline 0.003 -16"><span class='ocrx_word' id='word_1_201' title='bbox 269 2171 462 2212; x_wconf 84' lang='lat' dir='ltr'>Calicium</span> <span class='ocrx_word' id='word_1_202' title='bbox 492 2177 565 2212; x_wconf 88' lang='lat' dir='ltr'>etc.</span> <span class='ocrx_word' id='word_1_203' title='bbox 614 2174 799 2224; x_wconf 84' lang='lat' dir='ltr'>Inspersa</span> <span class='ocrx_word' id='word_1_204' title='bbox 827 2178 920 2214; x_wconf 88' lang='lat' dir='ltr'>sunt</span> <span class='ocrx_word' id='word_1_205' title='bbox 937 2174 1173 2216; x_wconf 85' lang='lat' dir='ltr'>Licheuibus</span> <span class='ocrx_word' id='word_1_206' title='bbox 1192 2175 1337 2228; x_wconf 87' lang='lat' dir='ltr'>ubique</span> <span class='ocrx_word' id='word_1_207' title='bbox 1366 2175 1407 2215; x_wconf 93' lang='lat' dir='ltr'>in</span> <span class='ocrx_word' id='word_1_208' title='bbox 1435 2188 1624 2228; x_wconf 81' lang='lat' dir='ltr'>compage</span> 
     </span>
     <span class='ocr_line' id='line_1_27' title="bbox 268 2248 1622 2306; baseline 0.005 -19"><span class='ocrx_word' id='word_1_209' title='bbox 268 2248 458 2295; x_wconf 77' lang='lat' dir='ltr'>interior-e</span> <span class='ocrx_word' id='word_1_210' title='bbox 507 2251 671 2300; x_wconf 83' lang='lat' dir='ltr'>granula</span> <span class='ocrx_word' id='word_1_211' title='bbox 719 2252 869 2291; x_wconf 84' lang='lat' dir='ltr'>minuta</span> <span class='ocrx_word' id='word_1_212' title='bbox 912 2265 992 2293; x_wconf 91' lang='lat' dir='ltr'>non</span> <span class='ocrx_word' id='word_1_213' title='bbox 1046 2252 1249 2304; x_wconf 86' lang='lat' dir='ltr'>amylacea</span> <span class='ocrx_word' id='word_1_214' title='bbox 1291 2265 1446 2304; x_wconf 83' lang='lat' dir='ltr'>sparsa,</span> <span class='ocrx_word' id='word_1_215' title='bbox 1503 2265 1622 2306; x_wconf 82' lang='lat' dir='ltr'>saepe</span> 
     </span>
     <span class='ocr_line' id='line_1_28' title="bbox 268 2329 1622 2381; baseline 0.003 -15"><span class='ocrx_word' id='word_1_216' title='bbox 268 2329 494 2366; x_wconf 85' lang='lat' dir='ltr'>extrorsum</span> <span class='ocrx_word' id='word_1_217' title='bbox 542 2340 700 2379; x_wconf 85' lang='lat' dir='ltr'>quoque</span> <span class='ocrx_word' id='word_1_218' title='bbox 743 2329 911 2379; x_wconf 85' lang='lat' dir='ltr'>sparsim</span> <span class='ocrx_word' id='word_1_219' title='bbox 963 2335 1140 2379; x_wconf 87' lang='lat' dir='ltr'>excreta,</span> <span class='ocrx_word' id='word_1_220' title='bbox 1196 2343 1313 2381; x_wconf 83' lang='lat' dir='ltr'>saepe</span> <span class='ocrx_word' id='word_1_221' title='bbox 1367 2330 1408 2370; x_wconf 89' lang='lat' dir='ltr'>in</span> <span class='ocrx_word' id='word_1_222' title='bbox 1457 2341 1622 2370; x_wconf 84' lang='lat' dir='ltr'>acervos</span> 
     </span>
     <span class='ocr_line' id='line_1_29' title="bbox 266 2400 1622 2459; baseline 0.003 -18"><span class='ocrx_word' id='word_1_223' title='bbox 266 2402 465 2454; x_wconf 82' lang='lat' dir='ltr'>(soredia)</span> <span class='ocrx_word' id='word_1_224' title='bbox 495 2400 663 2444; x_wconf 79' lang='lat' dir='ltr'>collecta</span> <span class='ocrx_word' id='word_1_225' title='bbox 705 2406 797 2455; x_wconf 84' lang='lat' dir='ltr'>(cfr.</span> <span class='ocrx_word' id='word_1_226' title='bbox 836 2407 1022 2447; x_wconf 81' lang='lat' dir='ltr'>Ilandb.</span> <span class='ocrx_word' id='word_1_227' title='bbox 1059 2421 1094 2447; x_wconf 85' lang='lat' dir='ltr'>z.</span> <span class='ocrx_word' id='word_1_228' title='bbox 1131 2407 1429 2459; x_wconf 80' lang='lat' dir='ltr'>Erkennung</span> <span class='ocrx_word' id='word_1_229' title='bbox 1462 2408 1499 2447; x_wconf 89' lang='lat' dir='ltr'>d.</span> <span class='ocrx_word' id='word_1_230' title='bbox 1538 2406 1622 2447; x_wconf 64' lang='lat' dir='ltr'>Ge·-</span> 
     </span>
     <span class='ocr_line' id='line_1_30' title="bbox 271 2480 1623 2542; baseline 0.003 -24"><span class='ocrx_word' id='word_1_231' title='bbox 271 2480 465 2519; x_wconf 70' lang='lat' dir='ltr'>wachse</span> <span class='ocrx_word' id='word_1_232' title='bbox 496 2481 539 2519; x_wconf 88' lang='lat' dir='ltr'>T.</span> <span class='ocrx_word' id='word_1_233' title='bbox 556 2481 627 2529; x_wconf 83' lang='grc'>3.).</span> <span class='ocrx_word' id='word_1_234' title='bbox 685 2483 792 2521; x_wconf 79' lang='lat' dir='ltr'>llaec</span> <span class='ocrx_word' id='word_1_235' title='bbox 822 2484 985 2534; x_wconf 75' lang='lat' dir='ltr'>granula</span> <span class='ocrx_word' id='word_1_236' title='bbox 1013 2484 1201 2542; x_wconf 79' lang='lat' dir='ltr'>pollinem</span> <span class='ocrx_word' id='word_1_237' title='bbox 1231 2485 1449 2531; x_wconf 78' lang='lat' dir='ltr'>masculum</span> <span class='ocrx_word' id='word_1_238' title='bbox 1477 2483 1623 2533; x_wconf 39' lang='lat' dir='ltr'>coust&amp;</span> 
     </span>
     <span class='ocr_line' id='line_1_31' title="bbox 265 2557 899 2610; baseline 0.006 -14"><span class='ocrx_word' id='word_1_239' title='bbox 265 2560 378 2597; x_wconf 79' lang='lat' dir='ltr'>tuere</span> <span class='ocrx_word' id='word_1_240' title='bbox 407 2557 571 2605; x_wconf 76' lang='lat' dir='ltr'>credidit</span> <span class='ocrx_word' id='word_1_241' title='bbox 603 2558 696 2603; x_wconf 77' lang='lat' dir='ltr'>llcd</span> <span class='ocrx_word' id='word_1_242' title='bbox 709 2559 899 2610; x_wconf 60' lang='lat' dir='ltr'>wigius,</span> 
     </span>
    </p>
   </div>
  </div>
 </body>
</html>
