1682 2938
876 131 957 174 106

245 240 435 293 parallela
449 240 602 282 scilicet
623 245 662 281 et
675 241 852 291 indivisa,
881 243 1077 283 stomatiis
1093 256 1252 297 quoque
1266 246 1306 283 in
1320 245 1463 296 pagina
1480 249 1588 284 exte-

244 318 350 358 riore
377 317 610 371 plerumque
639 319 782 366 obviis;
813 319 927 359 color
953 333 1050 361 vero
1080 325 1119 361 et
1147 321 1363 373 amplitudo
1393 321 1587 369 corollae;

246 408 456 448 compages
492 397 613 436 modo
657 396 795 436 rudior
831 397 999 449 calycis,
1039 399 1161 438 modo
1198 399 1372 439 tenerior
1399 398 1586 439 corollae.

244 473 376 527 Calyx
403 474 592 526 hybridus
620 474 919 526 Monocotyleis
948 474 1124 515 solennis
1154 480 1224 524 est,
1252 475 1405 516 corolla
1432 489 1589 527 semper

243 551 467 601 deficiente,
511 552 793 606 monocyclus,
835 552 1020 605 digyrus,
1055 553 1340 607 monophyllus
1376 557 1444 592 aut
1471 553 1589 605 poly-

243 628 420 682 phyllus‚
449 629 645 682 epigynus
660 633 728 668 aut
753 629 1010 683 hypogynus,
1038 630 1272 682 plerumque
1299 630 1502 681 regularis,
1531 630 1589 668 in-

245 707 399 746 terdum
425 705 607 755 labiatus²
631 706 733 746 utin
750 706 937 746 Gladiolo
968 707 1144 760 aliisque.
1187 707 1313 758 Saepe
1343 707 1492 759 spathis
1522 706 1589 746 sti-

241 787 358 834 patus
385 787 461 833 est,
502 784 550 823 de
579 784 720 836 quibus
749 784 927 824 dubitare
955 784 1066 834 licet,
1096 798 1146 824 an
1174 786 1224 824 ad
1252 785 1431 824 bracteas
1460 797 1508 822 an
1538 784 1587 822 ad

242 859 424 924 calycem
453 861 682 900 referendae
710 861 798 900 sint.

350 971 570 1023 Singularis
606 975 646 1011 et
683 971 960 1022 anamorphosi
996 975 1165 1011 mutatus
1202 976 1262 1011 est
1299 971 1420 1024 calyx
1449 970 1588 1023 epigy-

241 1062 314 1088 nus
356 1048 719 1087 Orchidearum
760 1049 1042 1101 monocyclus‚
1091 1049 1275 1102 digyrus,
1318 1048 1521 1096 trimerus‚
1565 1061 1586 1085 e

239 1125 386 1178 phyllis
414 1125 540 1164 tribus
569 1125 901 1183 exterioribusnet
929 1126 1082 1165 duobus
1106 1126 1361 1165 interioribus
1383 1125 1587 1172 similibus,

239 1207 353 1243 sexto
381 1202 499 1255 plane
527 1202 788 1254 discrepante,
816 1201 939 1254 magis
968 1203 1146 1242 minusve
1175 1215 1361 1253 expanso,
1389 1203 1496 1254 quod
1523 1201 1588 1240 la-

240 1280 425 1320 bellum
453 1283 609 1320 vocant,
644 1280 732 1319 Hoc
760 1292 842 1319 non
869 1292 960 1319 raro
991 1280 1198 1319 columnae
1228 1279 1441 1318 stamineae
1471 1278 1587 1316 altius

1619 0 1682 219 t

1623 207 1630 214 .

1664 890 1675 958 aba-«-
1644 325 1673 886 ,ἑῶνέσειτᾶὑε-.ωςρῄέοῐὴεἱζᾞῗῖἔὸἒνλ
1659 310 1661 314 -
1652 295 1657 299 ¹
1655 267 1661 286 ν·
1648 207 1663 258 ἰ’-*κ’
1650 155 1669 201 ’ὀ-Α-ς·

241 1358 416 1397 innatum
452 1362 531 1406 est,
576 1371 693 1410 quam
736 1356 890 1409 reliqua
931 1357 1074 1410 phylla
1110 1356 1311 1397 interiora.
1374 1358 1502 1407 Quam
1538 1355 1589 1394 ob

239 1449 324 1476 rem
353 1435 576 1475 columnam
604 1433 834 1473 stamineam
861 1433 1176 1486 (gynostemium
1202 1433 1334 1483 Rich.)
1361 1438 1590 1484 receptacu-

239 1513 322 1552 lum
349 1524 539 1564 superum
566 1514 676 1562 puto,
704 1510 821 1549 nimis
849 1513 1007 1549 auctum
1036 1514 1076 1550 et
1102 1508 1353 1561 explicatum.
1393 1510 1590 1566 Convenit

238 1593 437 1630 structura
471 1588 656 1637 interior,
701 1600 802 1640 quae
836 1586 952 1626 valde
986 1587 1112 1626 variat
1147 1591 1187 1626 et
1223 1587 1337 1626 valde
1366 1587 1589 1638 composita

238 1671 311 1717 est,
335 1667 391 1706 ita
417 1671 462 1706 ut
491 1679 512 1705 e
540 1665 677 1717 paucis
703 1664 934 1704 staminibus
957 1669 1004 1704 et
1029 1664 1175 1716 pistillo
1203 1663 1300 1704 solis
1328 1664 1395 1702 vix
1419 1668 1589 1703 connata
1657 1673 1660 1678 ·

236 1745 428 1784 videatur.

351 1843 514 1897 Galyx
553 1841 844 1893 duplicatus
891 1854 981 1880 cum
1015 1841 1187 1894 hybrido
1228 1841 1343 1880 valde
1389 1839 1587 1887 convenit,

240 1922 311 1962 sed
340 1920 518 1960 exterior
540 1919 683 1971 pagina
703 1919 936 1970 plerumque
954 1918 1148 1957 stomatiis
1178 1922 1298 1966 caret,
1328 1922 1368 1956 et
1395 1919 1428 1956 si
1456 1916 1588 1955 stami-

240 2013 334 2038 num
363 2009 485 2050 gyrus
512 1996 681 2036 interior
710 1996 838 2044 adest,
866 1996 965 2034 haec
995 2008 1082 2034 cum
1112 1995 1262 2049 phyllis
1293 1994 1439 2046 calycis
1470 1993 1588 2033 alter-

239 2080 343 2124 nant,
373 2088 447 2114 nec
475 2074 570 2125 ipsis
600 2073 822 2125 anteposita
847 2077 949 2112 sunt.
1006 2073 1172 2124 Semper
1209 2084 1367 2124 quoque
1398 2071 1438 2109 in
1468 2071 1587 2109 Dico-

237 2152 358 2207 tyleis
387 2150 574 2199 occurrit,
602 2163 816 2203 numquam
843 2150 884 2188 in
913 2147 1231 2202 Monocotyleis,
1266 2146 1520 2202 Thymelaeis
1549 2151 1589 2187 et

237 2229 467 2270 Proteaceis
495 2227 683 2268 solennis.
739 2227 883 2280 Phylla
910 2239 1029 2278 saepe
1049 2238 1180 2266 crassa
1196 2230 1297 2274 sunt,
1326 2231 1370 2265 ut
1399 2240 1420 2265 e
1451 2226 1587 2277 calyce

238 2310 278 2346 et
306 2304 461 2344 corolla
490 2306 629 2345 credas
659 2310 831 2345 connata
858 2303 1084 2356 (Daphne),
1114 2304 1309 2342 interdum
1341 2317 1498 2356 quoque
1527 2303 1587 2342 in-

237 2382 361 2423 ferior
397 2393 489 2433 pars
518 2382 822 2441 (hypanthium)
854 2382 1048 2433 persistit,
1087 2381 1181 2420 dum
1208 2380 1404 2433 reliquum
1432 2380 1587 2431 perian-

239 2461 362 2500 thium
390 2458 537 2498 decidit
571 2463 615 2498 ut
652 2459 692 2498 in
721 2459 922 2499 Grevillea
959 2463 999 2498 et
1031 2459 1196 2498 subinde
1225 2457 1441 2498 indurescit
1474 2461 1518 2496 ut
1545 2456 1585 2495 in

238 2535 473 2577 Falklandia
500 2536 592 2584 (cfr.
620 2537 667 2575 R.
694 2535 919 2577 Brown’s
947 2550 1090 2576 verm.
1120 2535 1251 2576 Schr.
1277 2534 1316 2574 2.
1346 2534 1409 2574 72.
1440 2533 1535 2582 739.

349 2615 393 2654 In
421 2613 739 2667 Monocotyleis‚
775 2614 841 2653 ubi
869 2626 988 2653 verus
1018 2613 1138 2665 calyx
1168 2613 1305 2652 adesse
1334 2611 1507 2659 videtui-5
1542 2614 1583 2648 ut
