1682 2938
919 153 1001 195 220

291 270 406 297 scens
433 259 670 310 marginibus
698 261 882 313 utrinque
909 260 1090 303 binorum
1113 265 1391 305 fasciculorum
1415 279 1537 306 unum
1564 269 1621 308 in-

290 334 415 374 volvit
443 341 482 375 et
512 350 600 376 cum
629 337 722 389 ipsis
752 345 962 379 connatum
987 346 1061 391 est,
1096 343 1148 381 ita
1176 347 1220 382 ut
1248 356 1269 382 e
1298 344 1532 394 marginibus
1561 346 1619 384 fo-

288 410 332 448 lii
361 411 479 452 ovula
514 414 622 453 exire
655 415 874 463 videantur,
925 417 1082 458 Nervus
1118 419 1203 458 folii
1231 421 1380 459 medius
1416 422 1617 472 oppositus

289 488 406 528 ovula
434 502 514 528 non
541 492 703 541 profert.
759 492 825 531 Sic
851 495 1052 544 paradoxa
1079 496 1214 547 opinio
1244 497 1362 536 ovula
1379 498 1419 536 in
1442 499 1616 549 germine

286 578 308 604 e
336 567 572 618 marginibus
601 569 786 608 foliorum
813 571 992 622 prodire,
1035 586 1134 624 quae
1172 586 1265 613 sane
1293 574 1480 614 foliorum
1508 579 1615 614 natu-

285 655 352 682 rae
399 649 607 696 repugnat,
657 647 816 698 cognita
852 648 1082 688 columellae
1132 655 1348 700 structura,
1403 653 1516 691 facile
1553 666 1615 692 re-

281 719 439 760 sellitur.

386 840 558 881 Germen
591 843 716 884 viride
755 849 815 884 est
848 847 1041 886 stomatiis
1069 847 1217 896 multis,
1264 847 1449 887 foliorum
1488 848 1611 888 indoli

278 917 400 968 magis
413 919 604 959 accedens
631 934 746 972 quam
773 923 911 973 petala,
939 924 1028 974 pilis
1056 924 1252 963 interdum
1281 938 1437 977 quoque
1465 930 1609 965 tectum

280 998 320 1032 et
347 994 552 1044 glandulis.
608 998 715 1037 Haec
749 999 1003 1050 epidermatia
1034 1005 1218 1051 pereunt,
1259 1002 1351 1040 dum
1385 1004 1609 1042 maturescit

277 1083 455 1121 germen,
497 1071 596 1112 aliae
623 1086 720 1112 vcro
750 1075 998 1125 eminentiae,
1045 1077 1183 1129 quibus
1210 1078 1403 1117 interdum
1438 1080 1608 1119 obsitum

279 1152 348 1198 est,
376 1149 497 1201 magis
526 1149 759 1190 increscunt.

384 1281 428 1319 In
455 1282 628 1332 germine
655 1282 783 1322 lineae
812 1296 928 1334 saepe
958 1284 1172 1324 decurrunt
1187 1285 1498 1337 longitudinales‚
1527 1288 1608 1326 val-

272 1371 409 1397 varum
448 1370 594 1397 nexum
635 1359 914 1411 significantes,
957 1361 1026 1400 ubi
1063 1362 1298 1414 pericarpia‚
1341 1365 1412 1404 sed
1449 1364 1606 1404 minime

273 1448 439 1487 semper,
467 1436 670 1475 dehiscere
697 1437 838 1476 solent.

379 1567 569 1618 Stylus,
611 1572 749 1619 utpote
790 1569 975 1619 pedicelli
1020 1571 1263 1611 continuatio
1302 1575 1457 1611 constat
1491 1585 1513 1611 e
1548 1571 1602 1610 fa-

268 1644 426 1683 sciculis
453 1644 616 1695 lignosis
644 1645 919 1697 periphericis,
963 1649 1267 1699 parenchymate
1299 1649 1427 1688 medio
1457 1653 1495 1688 et
1523 1661 1602 1687 am-

268 1722 418 1769 biente,
458 1734 575 1772 saepe
604 1721 756 1760 cellulis
784 1722 912 1773 longis
942 1728 981 1762 et
1010 1725 1195 1775 angustis.
1251 1726 1312 1763 De
1349 1725 1491 1774 canali,
1533 1726 1600 1777 qui

267 1799 410 1850 stylum
439 1811 521 1837 non
549 1811 639 1836 raro
667 1799 864 1849 percurrit
881 1800 982 1838 infra
1002 1801 1165 1840 dicetur.
1223 1801 1428 1840 Structura
1455 1802 1548 1852 styli
1576 1815 1599 1840 a

264 1880 462 1914 structura
487 1874 674 1914 filamenti
703 1888 751 1914 eo
781 1876 917 1925 differt,
948 1878 1054 1928 quod
1083 1877 1293 1917 fasciculus
1321 1878 1498 1929 lignosus
1525 1893 1598 1930 per

262 1952 433 1992 medium
458 1952 642 1990 decurrat
668 1951 918 2001 filamentum,
947 1954 1104 1993 minime
1119 1967 1215 1993 vero
1239 1967 1311 2005 per
1325 1955 1496 1994 medium
1517 1960 1598 2007 sty-

261 2027 345 2067 lum
389 2029 459 2067 sed
501 2041 636 2068 omnes
672 2042 811 2069 versus
847 2030 1106 2081 peripheriam
1143 2031 1263 2082 positi
1297 2031 1385 2070 sint.
1459 2032 1595 2083 Stylus

262 2106 367 2144 enim
401 2109 460 2144 est
494 2106 712 2157 pedicellus
749 2106 1012 2155 continuatus,
1061 2107 1300 2147 filamentum
1337 2108 1474 2147 folium
1502 2122 1596 2148 con-

262 2186 441 2222 tractum.

369 2303 414 2343 Si
441 2303 532 2354 styli
547 2303 683 2354 plures
700 2303 852 2352 adsunt,
881 2303 1058 2343 fasciculi
1086 2305 1228 2356 lignosi
1256 2306 1295 2345 in
1323 2306 1477 2358 singulo
1506 2321 1592 2346 ver-

260 2393 328 2420 sus
363 2379 547 2429 ambitum
583 2380 702 2430 positi
736 2380 988 2420 inveniuntur
1030 2386 1068 2421 et
1101 2395 1182 2421 non
1216 2395 1307 2422 raro
1344 2383 1487 2422 canalis
1521 2397 1592 2434 per

258 2457 454 2508 singulum
490 2456 681 2505 decurrit,
723 2461 767 2496 ut
801 2457 842 2495 in
869 2458 1080 2509 Hyperico.
1136 2459 1270 2510 Stylus
1305 2473 1401 2499 vero
1437 2460 1590 2510 bifidus,

257 2535 408 2575 trifidus
437 2536 510 2572 etc.
538 2532 697 2571 unicum
733 2536 880 2572 tantum
918 2534 959 2572 in
994 2536 1123 2575 medio
1150 2537 1265 2575 habet
1293 2536 1486 2586 canalem,
1534 2537 1588 2576 ita

257 2616 303 2651 ut
329 2610 460 2663 potius
488 2607 628 2660 stigma
655 2610 825 2659 bifidum,
854 2611 1024 2651 trifidum
1052 2626 1194 2653 vocare
1220 2613 1348 2664 possis
1376 2626 1411 2653 v.
1441 2613 1464 2652 i.
