1592 2924
847 139 888 169 VI

189 237 338 288 figurae
366 249 390 275 a
415 236 688 277 Schmidtio
716 237 934 277 delineatae
962 249 1042 277 non
1070 236 1209 284 minus,
1239 235 1272 275 si
1300 235 1431 287 placet
1456 236 1533 294 Bo-

190 313 326 352 tanicis
354 313 633 364 inprimendae.
689 315 735 352 In
764 314 1026 365 explicatione
1054 314 1193 353 harum
1220 313 1383 352 Iconum
1414 313 1534 352 multa

191 402 360 442 quoque,
389 389 557 441 repetita
585 390 625 429 in
642 377 806 441 singulis
823 391 1096 430 observatione
1125 389 1347 429 accuratius
1377 389 1533 428 tradere

190 466 317 517 potui,
360 480 476 519 quam
513 467 553 506 in
580 467 795 506 Elementis
831 467 881 506 ob
911 467 1135 519 generalem
1164 466 1534 517 contemplationem

191 542 279 582 fieri
315 547 485 594 poterat.
541 543 609 583 Sic
644 552 738 583 vasa
772 543 935 592 fibrosa,
978 557 1078 596 quae
1111 543 1255 582 librum
1292 542 1535 582 constituunt

190 620 409 659 accuratius
437 620 600 660 distinxi
627 634 650 660 a
677 620 1004 671 prosenchymate
1031 620 1238 659 alburnum
1256 619 1535 670 constituente5

190 696 258 736 illa
286 697 388 736 enim
416 697 644 748 longissima
670 701 777 745 sunt,
822 696 1008 736 continua
1044 696 1155 735 nullo
1191 699 1305 747 septo
1343 695 1535 749 distincta,

191 774 269 812 hoc
297 787 394 813 vero
425 787 446 813 e
476 773 629 814 cellulis
667 777 836 822 constat,
878 772 1000 824 septis
1035 766 1204 826 obliquis
1239 773 1532 825 distinguendis.

191 849 279 889 Nec
306 863 401 890 vasa
427 851 592 900 fibrosa,
633 851 691 889 uti
727 851 822 890 olim
851 850 1017 898 credidi,
1059 851 1347 901 proseuchyma
1383 850 1533 899 sistunt,

192 926 408 966 insertione
436 932 583 977 mutua,
612 928 682 967 sed
711 926 878 966 cellulae
906 927 1091 978 propriae
1112 927 1316 978 elongatae
1344 927 1421 966 hoc
1444 940 1533 978 per—

191 1003 311 1042 ficere
339 1004 533 1043 videntur.
601 1004 709 1043 Vasa
743 1004 888 1042 fibrosa
922 1003 963 1041 in
999 1003 1132 1042 multis
1168 1003 1298 1043 herbis
1336 1003 1533 1052 deficiunt,

191 1080 232 1119 in
260 1080 437 1120 Cannabi
465 1085 505 1119 et
532 1080 632 1119 Lino
661 1080 818 1128 adsunt,
860 1080 901 1118 in
927 1079 1126 1132 plerisque
1157 1080 1361 1119 arboribus
1389 1081 1534 1119 librum

190 1156 335 1196 sistunt
362 1171 386 1196 a
412 1157 520 1209 ligno
548 1169 620 1196 seu
647 1155 814 1195 alburno
842 1159 1082 1208 separatum,
1117 1156 1157 1195 in
1186 1156 1290 1195 Pinis
1316 1170 1413 1196 vero
1439 1170 1534 1219 'cum

188 1233 299 1287 ligno
333 1246 405 1274 seu
440 1235 571 1286 potius
606 1233 772 1274 alburno
809 1233 1076 1273 commixtum.
1148 1233 1192 1272 Si
1227 1234 1314 1286 quis
1349 1246 1533 1273 vasorum

189 1323 337 1351 nomen
364 1311 530 1363 rejicere
558 1310 655 1351 velit
693 1315 733 1350 et
768 1311 885 1350 tubos
924 1323 1068 1350 vocare
1101 1310 1272 1350 fibrosos
1309 1323 1390 1349 non
1418 1324 1535 1362 repu-

188 1389 402 1440 gnaverim,
432 1389 503 1428 sed
531 1387 700 1428 cellulae
727 1388 896 1428 fibi-osae
923 1387 1082 1426 minime
1098 1388 1298 1426 vocandae
1312 1391 1414 1436 sunt,
1443 1401 1533 1427 nam

189 1466 323 1506 deficit
358 1466 561 1506 character
597 1462 849 1513 cellularum,
890 1464 931 1502 in
965 1463 1086 1515 septis
1123 1463 1289 1515 positus.
1355 1463 1531 1503 Cellulae

188 1528 361 1582 fibrosae
388 1555 534 1582 nomen
562 1541 621 1581 illi
649 1541 799 1593 optime
834 1540 1037 1589 convenit,
1082 1553 1183 1592 quae
1218 1540 1355 1579 fibram
1390 1541 1533 1580 habent

186 1619 373 1672 spiralem
400 1620 604 1669 inclusam,
632 1618 708 1657 nisi
736 1617 921 1658 cellulam
940 1617 1276 1669 spirali-fibrosam
1294 1630 1439 1657 vocare
1467 1631 1534 1658 ve-

185 1698 248 1737 lis.
304 1698 422 1746 Vasa,
451 1710 551 1750 quae
568 1699 724 1744 vocant,
752 1694 1043 1744 moniliformia,
1073 1707 1179 1733 nunc
1208 1707 1297 1733 cum
1312 1694 1532 1746 Meyeno,

183 1774 504 1815 breviarticulata
530 1787 646 1814 voco.
704 1773 807 1812 Tum
836 1771 962 1812 cormi
990 1771 1256 1811 definitionem
1283 1770 1325 1809 in
1351 1771 1535 1810 Iconibus

184 1852 307 1903 magis
336 1852 561 1904 generalem
588 1850 780 1903 proposui
807 1863 854 1889 ac
882 1850 922 1888 in
944 1849 1170 1891 Elementis.
1226 1848 1419 1900 Equidem
1449 1862 1534 1888 cer-

186 1934 251 1969 tus
281 1943 379 1979 sum,
407 1930 519 1969 illum
547 1929 615 1981 qui
640 1928 769 1968 varias
799 1927 952 1978 species
982 1926 1105 1965 caulis
1135 1925 1341 1965 confundit
1369 1929 1436 1964 aut
1463 1938 1532 1964 ne-

185 2006 311 2058 gligit,
352 2007 411 2046 nil
445 2010 673 2046 accuratum
711 2005 759 2044 de
800 2004 913 2043 caule
948 2003 1146 2042 dicturum
1180 2025 1232 2030 —
1270 2006 1310 2040 et
1338 2001 1532 2040 anatomia

186 2084 309 2123 caulis
345 2084 467 2123 totius
514 2083 735 2123 anatomiae
773 2081 995 2133 plantarum
1036 2079 1329 2118 fundamentum
1374 2082 1434 2116 est
1462 2092 1531 2124 —;

183 2161 342 2200 minime
368 2173 465 2200 vero
493 2160 526 2200 is
563 2173 670 2209 sum,
718 2159 785 2212 qui
813 2157 1064 2205 crediderim,
1106 2169 1169 2195 me
1197 2155 1413 2206 perfectam
1442 2167 1532 2192 cau-

182 2237 278 2277 lium
307 2238 599 2277 distinctionem
627 2236 799 2284 dedisse,
842 2234 912 2274 sed.
939 2233 1064 2273 multa
1091 2244 1184 2271 sane
1214 2235 1425 2283 supersunt
1452 2243 1534 2269 me-

182 2314 260 2355 lius
289 2315 489 2354 tradenda,
545 2315 590 2353 In
618 2312 792 2352 Pandani
828 2311 940 2351 caule
977 2311 1195 2362 elegantem
1221 2308 1353 2348 inveni
1389 2307 1532 2346 confir-

183 2393 395 2431 mationem
424 2404 563 2431 eorum
591 2403 691 2443 quae
721 2391 770 2429 de
798 2389 1016 2429 caulomate
1037 2387 1134 2434 dixi3
1162 2390 1268 2426 totus
1291 2383 1394 2423 enim
1422 2386 1532 2422 trun-

185 2481 256 2508 cus
294 2482 315 2508 e
351 2467 550 2508 fasciculis
584 2465 750 2519 lignosis
785 2465 979 2506 contortis
1015 2467 1226 2503 contextus
1268 2465 1346 2508 est,
1390 2463 1530 2510 utpote

186 2558 208 2584 e
237 2545 360 2597 septis
388 2545 581 2597 originem
601 2543 797 2585 ‘foliorum
825 2542 1086 2582 indicantibus
1122 2537 1341 2590 cujusmodi
1375 2537 1415 2576 in
1443 2537 1530 2576 Μο-
