1592 2924
825 121 879 164 12

188 231 464 282 cressentibus,
491 230 748 284 Monotropa,
774 231 978 272 Neottidio
1007 231 1134 272 Nidus
1158 233 1240 273 avis
1270 236 1342 272 etc.
1358 233 1398 272 in
1420 235 1522 272 Oro-

186 310 338 349 banche
363 309 460 350 vidit
481 310 701 361 Ungerus
729 309 955 358 (Exanth.
988 311 1023 349 d.
1041 310 1129 349 ΡΗ.
1157 324 1195 362 p.
1212 309 1309 359 49.)
1366 308 1522 349 Adsunt

185 398 283 425 vero
310 382 436 436 iniis,
463 399 563 439 quae
593 386 688 426 alias
715 386 871 435 virides,
899 386 941 425 in
967 387 1106 426 umbra
1135 388 1324 426 educatae
1352 386 1522 437 pallidae

187 475 348 502 evasere
375 463 519 512 (Rud.
547 477 587 514 p.
606 463 705 513 67.)
760 464 914 503 Desunt
951 477 1108 516 quoque
1136 465 1178 503 in
1206 463 1393 516 aphyllis,
1431 464 1524 502 Raf-

184 539 304 586 flesia,
331 539 589 591 Brugmansia
624 540 832 592 (Meyen
865 541 1056 592 Phytot.
1087 539 1226 591 107.);
1283 541 1324 579 in
1352 542 1523 579 Cuscuta

183 616 332 656 invenit
358 617 582 668 Ungerus
610 617 653 665 (1.
683 616 749 668 c.).
805 618 958 656 Desunt
992 618 1150 667 tandem
1177 617 1218 657 in
1244 618 1392 670 plantis
1420 617 1522 657 vasis

183 692 390 744 spiroideis
418 693 622 732 destitutis.

291 785 387 826 Non
435 786 575 826 desunt
620 787 661 825 in
701 787 846 838 plantis
884 787 1005 827 denso
1043 790 1217 826 tomento
1260 787 1428 826 inductis
1466 786 1523 824 uti

185 862 280 902 olim
306 863 457 914 putavit
483 864 588 903 Rud
598 864 645 903 ol
655 878 680 915 p
689 865 714 902 h
724 864 771 903 iu
780 877 798 903 s
827 862 926 914 (An.
947 863 1044 912 Sl),
1073 864 1143 903 sed
1159 864 1242 902 fere
1271 876 1428 914 semper
1456 864 1520 902 adq

184 943 292 990 sunt,
328 940 386 979 uti
420 940 653 980 monstravit
679 942 861 980 Herrm.
892 941 1181 980 Krockerus
1214 940 1312 989 (De
1336 940 1396 991 pl.
1427 940 1523 990 epi-

185 1017 210 1056 d
219 1029 240 1056 e
249 1030 327 1056 rm.
359 1015 455 1066 15.)

293 1109 470 1161 Stipulae
499 1112 537 1148 et
562 1109 743 1148 bracteae
771 1110 965 1149 stomatiis
993 1111 1207 1149 instructae
1235 1113 1343 1157 sunt,
1379 1107 1436 1146 uti
1464 1107 1523 1145 fo-

183 1187 248 1237 lia,
277 1187 346 1226 sed
365 1186 563 1226 scariosae
584 1185 817 1237 plerumque
831 1186 891 1226 his
909 1187 1181 1227 destituuntur.
1216 1186 1266 1225 Et
1292 1186 1333 1224 in
1350 1189 1523 1236 tegmen-

184 1265 233 1305 tis
261 1264 394 1316 reperi
421 1262 643 1314 (Grundl.
671 1261 762 1302 108.
794 1262 919 1312 109.).

291 1351 447 1391 Adsunt
474 1363 592 1402 saepe
620 1351 660 1389 in
689 1350 801 1389 caule
824 1351 985 1400 juniore
1011 1350 1220 1398 herbaceo,
1250 1349 1526 1389 oblitterantur

183 1429 225 1469 in
251 1428 458 1468 arboribus
487 1431 527 1467 et
555 1427 763 1466 fruticibus
799 1425 942 1478 (Rud.
970 1426 1034 1467 70.
1063 1426 1158 1476 71.).
1213 1428 1369 1466 Desunt
1396 1426 1436 1463 in
1464 1437 1525 1463 ra-

184 1506 336 1546 dicibus
366 1509 405 1545 et
431 1505 473 1544 in
500 1504 682 1544 cuulibus
711 1504 988 1544 subterraneis.

290 1593 337 1633 In
365 1592 508 1646 calyce
537 1605 694 1644 semper
720 1593 804 1631 fere
833 1592 976 1631 adsunt
1003 1595 1043 1631 et
1069 1591 1110 1630 in
1127 1591 1326 1637 colorat03
1354 1590 1526 1641 plerum-

187 1670 322 1723 quein
337 1669 480 1721 pagina
497 1669 706 1718 exteriore,
737 1669 853 1708 etiam
869 1669 1066 1718 interiore,
1097 1669 1132 1708 si
1155 1668 1269 1720 calyx
1283 1672 1391 1719 patet
1417 1667 1525 1716 (Ru-

186 1747 348 1799 dolph.
376 1746 441 1787 87.
471 1745 569 1794 88.)
631 1745 706 1785 Ubi
739 1745 874 1796 sepala
911 1749 949 1784 et
985 1745 1198 1785 divisiones
1234 1757 1321 1784 sese
1357 1745 1526 1784 invicem

185 1827 340 1876 tegunt,
375 1823 608 1875 plerumque
643 1835 726 1861 non
753 1822 1007 1873 reperiuntur
1033 1822 1268 1872 (Grundl.
1299 1820 1424 1872 109.).
1480 1822 1525 1861 Iu

185 1900 402 1952 perigoniis
424 1900 581 1948 adsunt,
618 1903 685 1938 aut
713 1899 754 1938 in
791 1903 957 1951 utraque
985 1899 1128 1950 pagina
1155 1903 1221 1938 aut
1249 1899 1290 1937 in
1318 1899 1525 1947 exteriore,

187 1979 330 2017 desunt
355 1981 487 2016 tamen
514 1977 555 2015 in
581 1976 698 2016 variis
726 1975 821 2014 Allii
849 1975 1070 2027 speciebus.
1133 1976 1179 2014 In
1208 1975 1370 2015 corollis
1398 1976 1524 2014 rarius

186 2058 418 2102 occurrunt,
456 2053 710 2093 inveniuntur
733 2057 862 2092 tamen
896 2053 936 2092 in
965 2053 1126 2092 corollis
1154 2053 1303 2103 magnis
1330 2053 1436 2092 ultra
1464 2066 1526 2091 ca-

183 2132 315 2183 lycem
341 2130 456 2170 valde
483 2130 795 2181 prominentibus
831 2129 1028 2181 (Stapelia
1054 2143 1088 2169 e.
1118 2142 1154 2181 g.
1184 2128 1369 2182 aliisque)
1407 2142 1526 2181 saepe

185 2209 233 2248 iis
261 2208 302 2247 in
329 2207 429 2247 locis
457 2207 526 2246 ubi
553 2207 690 2247 colore
718 2207 834 2247 viridi
862 2207 1031 2246 imbutae
1059 2211 1170 2254 sunt;
1211 2206 1293 2246 vidi
1320 2206 1360 2246 in
1387 2206 1526 2257 petalis

185 2284 383 2325 Paeoniae
410 2284 646 2323 monstrosis
673 2288 711 2323 et
737 2283 944 2333 viridibus,
974 2297 1065 2323 cum
1092 2283 1133 2322 in
1161 2283 1350 2322 coloratis
1380 2288 1418 2322 et
1445 2296 1526 2323 non

185 2361 344 2402 mutatis
379 2360 537 2400 minime
574 2362 768 2400 adessent.
831 2360 1069 2413 Plerumque
1113 2373 1210 2399 vero
1253 2360 1292 2398 in
1329 2361 1526 2400 exteriore

187 2440 330 2479 adsunt
355 2438 515 2490 pagina,
544 2438 670 2477 rarius
698 2438 740 2476 in
767 2441 952 2491 utraque;
993 2441 1209 2477 occurrunt
1233 2441 1361 2475 tamen
1389 2436 1430 2474 in
1457 2437 1525 2475 Di-

190 2520 347 2556 ctamno
376 2515 486 2563 albo,
513 2514 908 2554 Mesembrianthemo
937 2514 1135 2562 bicolore,
1164 2512 1372 2552 Passiflora
1400 2526 1527 2552 serra-

190 2592 316 2633 tifolia
343 2591 432 2644 (Ru
441 2591 477 2631 d.
504 2589 540 2645 ἓ.
555 2589 660 2640 63.),
688 2590 887 2631 rarissime
913 2591 955 2630 in
981 2590 1122 2642 pagina
1151 2592 1301 2629 tantum
1328 2588 1526 2638 interiore,
