1682 2938
890 127 971 170 188

258 243 364 288 sunt,
402 237 569 278 stamina
595 249 693 278 vero
723 237 867 278 extima
903 253 993 279 cum
1030 239 1206 280 corollae
1233 239 1379 292 phyllis
1408 240 1601 280 interiori-

256 317 330 356 bus
358 316 563 355 alternant.

364 393 564 432 Interdum
601 392 786 432 antherae
823 397 1047 441 monstrosa
1088 394 1402 434 conformatione
1444 395 1484 433 in
1514 407 1600 433 car-

254 470 361 524 pella
387 474 560 510 mutatae
586 469 850 520 reperiuntur.
908 471 1041 522 Quod⁸
1065 485 1222 524 quoque
1258 484 1392 511 ansam
1419 471 1599 522 praebuit

253 547 457 588 Botanicis
472 546 656 586 antherae
671 550 909 586 structuram
923 547 1160 599 primitivam
1176 549 1353 588 rimandi.
1382 549 1427 587 R.
1437 550 1468 587 B
1482 561 1533 587 ro
1543 562 1598 586 w-

254 626 364 666 nius
414 623 575 676 pollinis
624 621 789 674 granula
839 624 896 663 uti
954 626 1103 664 semina
1146 639 1167 664 e
1220 626 1458 677 marginibus
1511 625 1598 664 folii

254 702 389 743 enasci
415 705 556 741 auctor
584 704 645 740 est
672 700 852 751 (Verm.
879 701 971 740 Sch
983 715 1014 741 r.
1034 702 1071 741 2.
1090 701 1216 751 605.)
1269 702 1484 742 Antheram
1514 715 1598 741 car-

254 779 363 831 pello
400 778 638 818 simillimam
680 790 785 827 esse,
827 777 882 817 ita
923 782 967 818 ut
1007 779 1202 819 interdum
1236 779 1400 831 granula
1435 779 1595 819 seminis

253 857 346 896 loco
375 868 588 908 granorum
615 854 774 906 pollinis
804 855 1006 895 contineat
1034 856 1328 896 Oandollius
1356 856 1592 908 (Physiol.

254 929 407 986 veget.
432 932 473 973 2.
496 930 611 979 534.)
638 931 703 971 ait.
772 931 872 971 Rem
917 937 1100 972 accurate
1139 937 1179 972 et
1210 938 1325 973 acute
1363 933 1595 985 perstrinxit

253 1010 477 1051 Mohlius
512 1008 803 1058 (Beobacht.
838 1008 910 1048 iib.
947 1009 984 1048 d.
1023 1009 1280 1048 Umwandl.
1310 1010 1346 1049 d.
1375 1009 1514 1049 Anth.
1550 1009 1596 1061 i1n

254 1086 540 1138 Carpellen‚
571 1084 736 1135 Tiibing.
755 1083 906 1134 1836.).
963 1085 1073 1125 Vidit
1100 1085 1141 1123 in
1163 1085 1432 1137 Chamaerope
1458 1086 1597 1125 humili

254 1164 433 1205 ovarium
461 1162 591 1203 ovulis
619 1161 744 1200 tribus
772 1165 817 1200 ut
843 1160 966 1211 solet,
1002 1175 1241 1214 praegnans,
1275 1163 1392 1202 simul
1420 1176 1518 1202 vero
1547 1164 1596 1202 ad

252 1246 429 1282 suturam
456 1237 674 1279 ventralem
701 1237 802 1277 intra
829 1238 974 1278 lineam
1003 1239 1195 1280 elevatam
1217 1241 1393 1280 loculum
1410 1241 1595 1280 antherae

251 1318 521 1359 bilocularem.
584 1314 694 1354 Vidit
727 1314 768 1354 in
804 1315 1062 1367 Sempervivo
1099 1322 1296 1357 tectorum
1331 1321 1369 1357 et
1395 1319 1595 1370 Papavere
1668 1309 1670 1311 ¹

253 1394 436 1437 orientali
462 1394 540 1433 hoc
567 1393 687 1432 modo
717 1393 970 1443 monstrosis,
998 1394 1200 1434 antheram
1227 1394 1283 1434 ita
1311 1394 1350 1434 in
1380 1394 1595 1446 carpellum

253 1473 445 1522 transire,
485 1474 531 1510 ut
554 1469 873 1509 connectit-ulum
901 1471 1105 1511 dilatatum
1133 1473 1296 1512 dorsum
1325 1471 1489 1523 carpelli
1516 1473 1597 1511 for-

252 1549 429 1598 maverit,
460 1552 505 1587 ut
533 1560 657 1599 porro
687 1548 874 1587 antherae
901 1548 1026 1588 loculi
1042 1548 1187 1588 sensim
1203 1548 1416 1588 oblitterati
1444 1553 1482 1588 et
1509 1549 1594 1599 ejus

250 1629 344 1668 loco
381 1624 546 1677 carpelli
579 1624 767 1664 cavitates
811 1625 948 1677 utique
992 1626 1170 1665 diversae
1206 1638 1230 1664 a
1264 1625 1492 1665 cavitatibus
1528 1639 1595 1665 an-

249 1706 382 1746 therae
411 1703 559 1744 sensim
587 1703 778 1742 formatae
806 1702 961 1741 fuerint.
1017 1701 1173 1741 Novam
1200 1702 1320 1753 igitur
1347 1708 1500 1754 partem
1530 1716 1593 1742 or-

249 1788 329 1823 tam
357 1794 444 1821 esse
472 1781 513 1820 in
539 1779 753 1833 propatulo
781 1782 851 1818 est.
906 1778 1015 1818 Nihil
1041 1792 1138 1818 vero
1162 1778 1335 1830 impedit,
1365 1792 1444 1831 quo
1466 1779 1593 1817 minus

250 1859 470 1911 analogiam
498 1858 602 1896 inter
627 1856 871 1895 filamentum
903 1859 941 1894 et
967 1855 1175 1907 petiolum,
1207 1855 1309 1894 inter
1342 1855 1498 1894 loculos
1526 1868 1593 1893 an-

250 1938 397 1986 therae,
426 1939 466 1975 et
492 1934 677 1974 laminam
705 1933 790 1973 folii
817 1932 1003 1985 utrinque
1032 1932 1282 1972 convolutam
1309 1944 1381 1971 seu
1408 1932 1594 1971 inflexam

250 2019 416 2062 statuas,
457 2024 557 2065 quae
586 2011 681 2050 satis
709 2010 913 2049 luculenta
941 2013 1016 2057 est;
1062 2009 1212 2049 Natura
1247 2009 1351 2048 enim
1378 2008 1420 2047 in
1447 2008 1591 2059 plantis
1628 1993 1632 1998 ⁵

250 2088 550 2143 phanerogamis
578 2087 795 2128 formandis
823 2087 990 2127 eundem
1018 2090 1157 2139 typum
1185 2099 1342 2139 semper
1368 2085 1557 2139 sequitur.

778 2209 823 2248 C.
878 2207 1066 2247 Pollen.

357 2297 467 2337 Intra
500 2296 685 2337 cavitates
716 2295 941 2335 loculorum
972 2295 1157 2335 antherae
1191 2294 1284 2334 dum
1324 2295 1420 2334 haec
1458 2295 1594 2348 adulta

253 2379 324 2424 est,
351 2373 530 2426 pollenv
550 2373 677 2413 instar
703 2372 961 2426 granulorum
987 2373 1108 2424 vulgo
1129 2372 1338 2424 reperitur,
1366 2376 1594 2423 compacto-

251 2460 341 2492 rum
367 2451 440 2491 sed
465 2449 700 2500 liberorum,
728 2450 848 2490 nullis
876 2449 1079 2502 pedicellis
1107 2453 1174 2488 aut
1200 2449 1286 2489 aliis
1314 2449 1451 2488 fulcris
1479 2462 1593 2501 prae-

251 2529 441 2578 ditorum,
496 2528 714 2567 secundum
759 2527 958 2579 vulgatam
1005 2540 1052 2567 ac
1098 2526 1316 2567 normalem
1371 2526 1592 2578 plantarum

252 2607 431 2647 formam.
