1630 2924
887 126 943 168 46

362 235 524 275 Florem
551 246 640 275 esse
667 247 858 287 gemmam
886 242 1096 287 mutatam,
1135 240 1218 289 Jam
1246 252 1366 291 supra
1392 239 1427 293 §.
1443 238 1508 281 25.
1537 243 1592 281 di-

253 316 359 352 ctum
399 316 471 352 est.
554 311 799 352 Mutationes
838 317 1085 354 monstrosae
1127 316 1267 367 quibus
1309 328 1444 356 omnes
1482 318 1591 369 floris

181 391 182 394 ’
253 393 387 440 partes
415 388 581 428 subinde
609 388 650 427 in
678 389 774 429 folia
788 390 979 440 abierunt,
1007 404 1088 431 non
1108 404 1199 431 raro
1224 393 1464 443 observatae,
1492 395 1592 433 hanc

254 465 382 506 thesin
410 478 492 505 non
520 464 649 505 solum
676 466 859 517 probant,
885 467 955 506 sed
983 481 1141 520 quoque
1162 469 1340 521 analogia
1363 470 1460 510 situs
1478 471 1594 511 folio-

251 555 340 582 rum
367 546 405 582 et
431 542 604 594 partium
630 542 752 582 floris.
808 543 878 583 Est
905 557 1002 583 vero
1028 557 1179 596 gemma
1204 547 1330 596 unica,
1358 560 1432 587 nec
1459 547 1593 599 plures

253 620 499 672 compositae
527 624 629 668 sunt,
656 619 715 658 uti
744 618 995 660 Linnaeus
1023 622 1164 671 voluit,
1201 623 1253 663 ita
1280 630 1324 663 ut
1352 625 1484 664 dicere
1512 638 1592 664 non

250 697 380 745 liceat,
409 697 574 736 stamina
602 709 652 736 ex
680 696 808 735 axillis
836 697 1068 748 petalorum,
1098 700 1229 750 petala
1256 714 1305 739 ex
1334 702 1463 741 axillis
1481 702 1592 753 phyl-

250 774 381 813 lorum
411 774 565 827 calycis
581 774 804 824 provenire.
859 774 968 814 Haec
996 775 1127 814 omnia
1153 777 1302 827 primus
1331 779 1449 818 docui
1477 783 1592 831 atque

250 851 416 902 probavi
443 850 668 900 (Grundl.
691 849 816 900 173.)‚
844 863 920 890 nec
947 863 1029 891 non
1056 851 1096 892 in
1123 852 1277 893 libello:
1306 855 1589 906 Philosoph.

250 928 410 967 botan.
438 927 580 968 Prod.
611 926 810 979 Goetting.
840 926 958 968 1798.
986 942 1025 980 p.
1043 927 1135 969 141.
1167 928 1257 970 142.
1312 931 1413 971 Hinc
1441 933 1490 971 ad
1517 937 1589 972 etc.

251 1017 333 1044 non
360 1005 593 1044 referendus
621 1017 709 1044 sum
740 1005 809 1044 cfr.
839 1003 960 1044 Flora
988 1003 1052 1045 17.
1082 1004 1174 1046 100.

253 1157 360 1208 132.
427 1153 547 1204 Flos
590 1171 680 1203 seu
725 1171 923 1219 gemma
965 1158 1348 1222 metamorphosi
1393 1165 1590 1219 mutata,

446 1261 513 1292 ex
546 1241 702 1292 axilla
730 1241 837 1290 solii
871 1246 1160 1308 saepissime
1190 1243 1472 1308 submutati,
1504 1266 1591 1298 seu

446 1330 766 1393 bracteae,
799 1334 1058 1395 provenire
1091 1332 1230 1384 solet.

358 1454 456 1495 Flos
486 1468 536 1494 ex
564 1454 684 1494 axilla
711 1453 798 1494 folii
823 1453 883 1492 uti
910 1427 1064 1505 gemma
1086 1456 1270 1506 pronasci
1292 1458 1404 1496 solet.
1461 1457 1506 1497 Si
1533 1459 1593 1499 fo-

247 1534 301 1574 lia
328 1533 475 1572 haecce
503 1532 640 1572 eadem
667 1535 759 1571 sunt
786 1531 915 1570 forma
941 1543 990 1570 ac
1017 1530 1168 1584 reliqua
1182 1533 1277 1572 folia
1294 1534 1470 1584 ejusdem
1484 1535 1593 1587 plan-

247 1617 312 1651 tae
340 1609 547 1651 floralia
583 1609 767 1649 dicuntur
803 1612 843 1648 et
869 1608 989 1648 flores
1024 1607 1065 1647 in
1098 1609 1271 1661 ipsarum
1298 1611 1428 1651 axillis
1459 1612 1592 1664 positi,

250 1688 506 1729 axillares.

359 1799 487 1849 Saepe
521 1810 618 1838 vero
655 1796 793 1837 folium
822 1809 844 1835 e
872 1796 983 1846 cujus
1020 1795 1140 1835 axilla
1166 1797 1240 1837 flos
1267 1798 1431 1850 prodiit,
1471 1803 1593 1839 meta-

250 1875 483 1927 morphosin
511 1874 682 1927 aliquam
709 1874 847 1923 subiit,
874 1873 1040 1913 similem
1068 1873 1127 1922 ei,
1155 1887 1270 1927 quam
1298 1889 1451 1928 gemma
1477 1889 1592 1928 passa

251 1958 329 2001 est,
369 1965 460 1992 cum
486 1952 560 1991 flos
589 1951 728 1991 evadit.
786 1950 993 2002 Ejusmodi
1019 1949 1157 1990 folium
1183 1951 1386 1992 bractea
1412 1958 1588 1994 vocatur.

249 2030 495 2069 Linnaeus
523 2029 723 2069 bracteam
747 2041 771 2068 a
787 2027 951 2081 reliquis
979 2027 1085 2067 foliis
1112 2027 1260 2080 primus
1288 2028 1464 2069 distinxit
1490 2029 1540 2080 (P
1551 2031 1587 2069 h.

249 2107 343 2148 bot.
371 2105 498 2156 2010.

359 2217 429 2256 Est
457 2217 573 2268 igitur
605 2217 656 2255 ob
684 2215 1020 2268 metamorphosin
1050 2215 1267 2255 inchoatam
1303 2220 1342 2255 et
1367 2216 1489 2267 magis
1518 2216 1590 2254 mi-

249 2306 373 2333 nusve
411 2307 663 2346 progressam
699 2294 858 2333 bractea
893 2292 1032 2332 folium
1077 2293 1308 2344 plerumque
1346 2292 1589 2340 diminutum,

250 2369 553 2422 expetiolatum,
582 2371 837 2423 integratum,
866 2370 1129 2421 decapitatum
1156 2369 1318 2420 (lamina
1345 2369 1496 2408 scilicet
1523 2370 1589 2408 de-

247 2447 405 2487 ficiente
435 2451 479 2487 et²
500 2448 642 2499 vagina
672 2449 759 2488 sola
783 2448 1010 2500 superstite,
1052 2451 1096 2485 ut
1123 2447 1162 2486 in
1190 2446 1319 2486 multis
1346 2446 1589 2496 Monocoty-

246 2524 321 2564 leis
349 2525 510 2564 bractea
536 2525 788 2576 vaginacea),
828 2530 1081 2566 tenerascens
1109 2528 1148 2563 et
1174 2523 1415 2575 pallescens,
1452 2522 1588 2561 colore

248 2600 400 2641 scilicet
425 2602 542 2641 viridi
570 2602 779 2653 pallidiore
818 2608 858 2641 et
892 2615 973 2642 non
1007 2614 1099 2642 raro
1127 2601 1177 2640 ad
1211 2600 1356 2640 albium
1390 2603 1587 2651 vergente.
