1682 2938
827 121 835 130 ⁸
905 117 988 160 336

282 230 388 277 147.
469 229 692 292 Respir
705 231 829 276 atio
878 226 1157 291 plantarum
1206 225 1261 274 fit
1301 230 1623 291 inspiratione

473 319 710 382 oxygenii
749 321 898 364 noctu
940 321 988 363 et
1019 319 1240 379 tempore
1273 312 1487 364 obscuro
1518 323 1619 365 tum

474 407 811 467 exspiratione
832 406 1067 470 oxygonii
1094 401 1303 451 interdiu
1325 408 1371 450 et
1402 409 1622 469 tempore

474 490 622 542 clam.
718 484 722 487 i

1673 577 1676 607 „W
1672 534 1675 570 mm„
1660 0 1682 513 —ae-u-—a—‘a-Vq-ae-——fi--oev-ffffi

386 601 542 642 Plantas
586 602 682 642 solis
726 604 845 643 radiis
890 604 1090 655 expositas
1135 616 1387 655 oxygeneum
1428 603 1621 643 extricare
1673 610 1676 654 ξ

277 679 429 730 primus
458 679 1035 731 observavitPriestleyus,
1062 679 1551 731 tumlngenhoussius
1581 683 1621 719 et
1675 690 1677 723 ῑ

279 756 595 796 Senebierus.
661 758 817 809 Optime
853 770 937 797 rem
971 757 1155 796 tractavit
1189 758 1267 796 Th.
1305 758 1340 797 d.
1371 757 1620 796 Saussure

275 832 442 882 (Rech.
480 833 626 884 chym.
662 846 692 873 s.
727 834 752 873 l.
781 830 939 885 veget.
969 833 1035 872 ch.
1064 832 1152 883 3.)‚
1202 836 1314 884 cujUs
1350 833 1622 884 experimenta

278 910 524 950 confirmavit
551 914 590 950 et
617 923 722 950 nova
749 909 1177 961 addiditGrischow
1205 910 1519 960 (Untersuch.
1549 910 1619 949 iib.

277 987 311 1026 d.
340 987 547 1026 Athmen
575 988 610 1026 d.
641 987 925 1037 Gewaclme,
960 987 1095 1038 Leipz.
1123 984 1264 1036 1819).

386 1064 534 1104 Narrat
560 1065 765 1115 Benjam.
794 1065 859 1104 He
871 1077 978 1115 yne,
1013 1063 1304 1115 Bryophyllum
1332 1063 1553 1115 calycinum
1579 1064 1622 1103 in

275 1141 388 1181 India
414 1155 528 1181 mane
556 1141 700 1181 habere
730 1154 914 1193 saporem
943 1141 1115 1189 acidum,
1145 1141 1308 1180 meridie
1336 1140 1508 1189 nullum,
1554 1152 1621 1179 ve-

276 1231 393 1270 spere
422 1232 596 1258 amarum
635 1219 915 1268 (Transact.
945 1220 998 1258 of
1022 1218 1097 1258 the
1125 1217 1258 1257 Linn.
1289 1218 1396 1258 Soc.
1425 1217 1463 1257 2.
1491 1215 1620 1266 213.).
1678 1198 1682 1258 ,³

275 1296 369 1335 Vidi
388 1308 551 1335 succum
577 1297 693 1348 hujus
714 1296 872 1347 plantae
902 1297 1077 1335 chartam
1103 1294 1235 1334 infuso
1265 1295 1431 1335 Lacmus
1460 1295 1622 1334 tinctam

276 1386 391 1412 mane
428 1374 549 1413 rubro
577 1373 729 1425 tingere
765 1373 921 1422 colore,
961 1373 1125 1413 meridie
1161 1385 1258 1412 vero
1287 1372 1457 1411 minime.
1512 1371 1624 1410 Idem
1679 1392 1682 1402 ‹

275 1450 362 1490 ficri
391 1450 599 1490 observavi
627 1451 667 1490 iu
695 1451 814 1490 variis
843 1449 928 1488 aliis
963 1449 1107 1501 plantis
1137 1462 1171 1488 e.
1199 1462 1234 1500 g.
1266 1449 1425 1489 Gacalia
1466 1448 1622 1498 ficoide‚
1680 1487 1681 1504 3

274 1527 545 1567 Portulacaria
573 1529 675 1576 afra,
715 1540 790 1567 nec
826 1539 924 1575 non,
961 1527 1032 1566 sed
1066 1539 1147 1566 non
1181 1539 1336 1578 semper
1363 1525 1622 1577 Sempervivo
1680 1515 1682 1521 ’

274 1605 455 1645 arboreo.
519 1605 564 1644 Si
599 1605 758 1656 plantae
793 1604 886 1644 loco
916 1604 1085 1644 obscuro
1120 1605 1402 1656 permanebant
1441 1606 1482 1643 et
1507 1602 1624 1642 meri-

273 1681 338 1721 die
367 1681 540 1722 chartam
569 1681 796 1721 coeruleam
823 1681 945 1719 rubro
974 1680 1177 1732 tingebant
1203 1682 1339 1721 colore
1366 1680 1564 1731 (Jahrb,
1584 1679 1622 1718 d.

276 1759 690 1799 Gew'achskunde.
714 1757 820 1798 Berl.
846 1744 969 1798 1817.
998 1758 1045 1796 H.
1063 1757 1100 1797 2.
1130 1771 1169 1809 p.
1194 1757 1290 1806 70.)

382 1837 470 1876 Huc
514 1836 708 1876 referrem
755 1835 1073 1874 observationem
1117 1834 1166 1874 de
1209 1833 1427 1874 mutatione
1474 1833 1621 1874 coloris

275 1926 376 1967 quae
412 1914 457 1953 fit
489 1914 530 1953 in
565 1912 725 1952 corollis
759 1911 907 1961 medie,
946 1912 987 1951 in
1022 1911 1219 1951 Cichoreo
1256 1911 1401 1951 factam
1437 1923 1512 1950 nec
1539 1924 1622 1952 non

274 1991 434 2030 Hibisco
471 1990 651 2030 mutabili
694 1990 890 2040 (Journ.
929 1988 964 2028 d.
994 1988 1068 2028 Ph.
1096 1988 1162 2029 95.
1190 1985 1281 2029 112.
1336 1988 1553 2028 Linnaea
1581 1987 1620 2028 7.

275 2068 397 2107 Beil.
427 2067 492 2107 54.

386 2145 491 2197 Quid
519 2143 630 2196 fungi
658 2143 698 2182 in
729 2142 1043 2193 atmosphaeram
1071 2143 1245 2182 efficiant
1259 2140 1622 2194 postHumbold-

275 2221 397 2261 tium
425 2221 621 2281 inuagavit
633 2220 886 2260 Marcetus
914 2219 973 2269 (E
985 2218 1111 2259 dinb.
1128 2219 1203 2259 Ph.
1217 2219 1383 2259 Journ.
1414 2216 1477 2258 19.
1492 2217 1621 2267 232).

389 2301 501 2350 Quae
529 2298 728 2338 Auctores
764 2298 813 2336 de
846 2296 999 2336 lacunis
1037 2300 1077 2335 et
1105 2295 1297 2336 stomatiis
1334 2300 1471 2348 utpote
1500 2294 1623 2346 respi-

278 2376 442 2416 rationis
472 2377 629 2428 organis
658 2380 849 2428 putarunt
876 2373 936 2424 (v.
964 2386 994 2413 S.
1025 2372 1059 2426 ξ.
1078 2372 1143 2414 54.
1175 2371 1297 2422 120.)
