1682 2938
895 133 977 174 322

272 238 458 291 (Verm.
488 240 622 281 Schr.
651 240 689 282 4.
719 242 820 293 64).
876 244 1063 297 Reliquas
1096 250 1208 285 taceo
1237 248 1462 289 sententias.
1518 250 1618 289 Cum

271 318 369 357 haec
408 318 540 358 omnia
582 318 732 359 incerta
769 321 846 361 sint
882 323 1093 374 sporangia
1128 336 1274 363 vocare
1319 337 1395 365 nec
1438 326 1618 378 capsulas
1649 314 1650 317 Ἴ

272 394 523 436 continuabo.

382 485 502 537 Quod
546 485 870 536 germinationem
913 488 1083 527 Filicum
1135 489 1275 528 attinet
1323 490 1619 531 observationes

269 575 383 602 meae
408 562 526 614 plane
555 563 796 603 conveniunt
823 578 911 604 cum
942 566 1020 605 Th.
1052 566 1097 605 F.
1127 567 1171 605 L.
1201 566 1374 606 Neesii
1403 568 1619 607 deEsen-

271 639 396 678 beck
432 638 565 689 (Act.
593 640 739 692 Leop.
768 641 860 681 XII.
893 643 931 682 1.
959 642 1082 692 159).
1140 643 1270 695 Spora
1297 648 1380 683 tota
1408 650 1550 698 quanta
1579 646 1618 684 in

270 716 525 767 prothallium
554 717 790 768 expanditur
818 722 857 757 et
885 719 1116 771 explicatur.

381 810 754 850 Osmundaceae
783 811 927 851 habent
955 814 1164 865 sporangia
1192 815 1324 853 frondi
1341 814 1496 864 inserta,
1526 828 1620 867 qua-

271 900 360 926 rum
386 900 484 927 vero
513 887 657 927 lamina
692 887 783 927 inde
819 902 900 928 non
942 903 1033 929 raro
1068 891 1314 930 contrabitur
1342 895 1381 931 et
1407 892 1617 932 evanescit.

271 964 492 1016 Sporangia
519 969 724 1016 gyromate
751 966 862 1004 brevi
892 966 1019 1006 cincta
1047 971 1150 1006 sunt.
1197 991 1249 998 —
1294 966 1617 1009 Anemiaceas

269 1055 376 1081 nunc
403 1041 649 1081 distinxerim
678 1047 884 1093 gyromate
912 1043 1035 1093 nullo,
1064 1044 1135 1082 sed
1163 1043 1291 1084 lorica
1320 1044 1617 1085 abbreviata.—

269 1118 636 1158 Marattiaceae
664 1119 851 1158 annulum
879 1120 1031 1160 nullum
1047 1121 1189 1161 habent
1216 1125 1254 1160 ct
1270 1122 1481 1173 sporangia
1500 1134 1619 1173 saepe

270 1196 312 1236 in
340 1196 643 1248 sporocarpium
672 1201 841 1236 connata
871 1202 975 1238 sunt.
995 1221 1047 1228 —
1076 1199 1523 1252 InOphioglosscis
1552 1212 1619 1238 an-

269 1274 388 1314 nulus
414 1273 550 1313 nullus
579 1278 650 1313 est.
706 1275 837 1315 Frons
876 1275 960 1315 basi
995 1289 1168 1327 geminas
1204 1277 1357 1316 emittit.
1413 1276 1619 1316 Foliorum

270 1351 417 1391 lamina
446 1364 603 1403 semper
632 1352 868 1392 oblitterata.
898 1375 950 1381 —
1009 1351 1429 1409 Gleicheniassceae
1458 1354 1619 1393 frondes

269 1429 414 1468 habent
442 1442 492 1468 ex
521 1429 716 1480 ejusmodi
752 1431 956 1470 frondibus
986 1431 1137 1471 duabus
1174 1432 1354 1471 connatis
1382 1444 1534 1482 gemma
1563 1430 1620 1469 in·
1658 1458 1660 1461 ·

268 1506 440 1546 structis.
493 1504 677 1546 Annulus
702 1508 812 1547 adest
841 1512 881 1548 et
909 1508 1055 1548 lamina
1083 1508 1271 1548 foliorum
1299 1521 1381 1547 non
1403 1511 1618 1549 contracta.

378 1601 847 1653 Hymenophylleae
891 1602 1106 1642 instructae
1148 1606 1240 1641 sunt
1281 1602 1492 1654 pyxidio
1539 1602 1618 1641 sin-

267 1678 396 1730 gulari
433 1691 455 1717 e
499 1678 641 1717 fronde
688 1683 921 1718 constructo
963 1683 1003 1719 et
1046 1679 1204 1731 quidem
1249 1691 1270 1718 e
1308 1680 1620 1730 parenchymate

267 1750 363 1796 laxo
391 1755 462 1794 sed
489 1754 621 1803 firmo,
651 1754 863 1794 columella
892 1756 930 1794 in
959 1756 1101 1796 medio.
1157 1755 1379 1807 Sporangia
1410 1760 1549 1808 gyrata
1575 1758 1620 1794 ut

269 1833 310 1872 in
337 1831 642 1884 Polypodiaceis
670 1832 740 1871 sed
767 1845 899 1883 parva.

378 1919 541 1959 Musei
570 1920 823 1960 frondosi.
880 1920 1021 1959 Flores
1058 1920 1216 1959 feminei
1246 1923 1429 1960 constant
1456 1932 1506 1958 ex
1534 1918 1620 1970 plu-

269 1998 377 2037 ribus
414 1996 593 2048 pistillis,
639 2010 809 2050 quorum
845 1997 1021 2036 tunicum
1060 2001 1211 2037 tantum
1247 2009 1480 2037 excrescere
1507 1995 1621 2036 solet.

269 2070 559 2126 Paraphysibus
594 2074 790 2126 stipantur
824 2087 896 2114 seu
932 2073 1108 2126 partibus
1149 2074 1399 2114 filiformibus
1443 2073 1620 2125 septatis.

1642 1614 1654 1634 l

268 2150 467 2192 Pistillum
495 2152 750 2191 fecundatum
785 2155 830 2190 ut
862 2151 1020 2190 videtur
1056 2151 1096 2190 in
1133 2150 1255 2191 altum
1285 2151 1461 2191 elevatur
1487 2151 1620 2202 stipite
1650 2190 1651 2193 ,

267 2229 378 2269 tenui
423 2233 508 2268 seta
542 2229 648 2268 dicto
687 2232 953 2268 excrescente.
1022 2228 1195 2280 Capsula
1238 2241 1328 2285 seuN
1353 2227 1618 2280 sporangium,

268 2305 434 2359 pyxidio
474 2304 908 2358 Hymenophyllearum
951 2310 990 2345 et
1027 2306 1185 2358 quidem
1225 2304 1496 2344 Trichomanis
1540 2304 1636 2343 tam'

269 2383 416 2433 simile,
454 2387 501 2423 ut
533 2382 758 2435 pyxidium,
800 2395 946 2422 nomen
981 2383 1184 2435 antiquum
1213 2382 1454 2422 retinuerim.
1510 2381 1560 2420 Et
1593 2393 1617 2420 a
1679 2399 1682 2403 ¹

270 2464 468 2501 structura
496 2460 662 2500 aliorum
701 2460 899 2499 fructuum
928 2459 1043 2499 valde
1071 2459 1267 2499 abhorret.
1323 2458 1533 2509 Pyxidium
1556 2460 1615 2497 est
1678 2514 1679 2517 Ἴ

268 2537 584 2578 circumscissum
619 2548 692 2576 seu
731 2536 923 2588 operculo
957 2536 1193 2576 instructum
1229 2535 1354 2574 rarius
1395 2549 1483 2574 cuin
1524 2534 1614 2586 ipso

1678 2598 1682 2634 1]

269 2618 493 2655 connatam.
552 2613 647 2654 Seta
676 2617 934 2653 excrescente
965 2612 1158 2661 elevatur,
1189 2612 1366 2663 calyptra
1396 2614 1614 2662 rumpente.
