1592 2924
825 107 880 150 10

183 217 314 255 denuo
343 215 616 267 explicandae,
661 221 701 257 et
727 219 910 259 stomatia
937 220 1067 259 omnia
1094 220 1134 259 iu
1154 221 1377 270 junioribus
1414 222 1518 261 foliis

175 293 339 343 jamjam
366 293 526 342 adsunt,
570 293 661 333 hinc
695 295 817 347 magis
852 297 1041 337 conferta.
1109 299 1155 337 In
1190 297 1392 349 explicatis
1419 311 1516 337 vero

181 369 287 408 soliis
324 369 432 409 varia
466 374 527 410 est
554 371 691 423 copia.
754 373 1081 414 Humboldtus
1120 375 1161 414 in
1194 374 1298 414 linea
1333 375 1518 427 qaadrata

180 446 267 486 folii
280 446 435 498 Agaves
450 446 505 487 55
521 449 752 499 numeravit,
768 450 809 489 in
823 450 1034 501 Hyacinthi
1051 463 1132 490 non
1151 451 1290 503 scripti
1317 449 1516 491 72—145.

179 523 400 574 (Einleit.
417 537 454 565 Ζ.
471 524 779 577 Ingenhouss
807 527 879 566 iib.
897 528 1190 580 Ernahrung
1205 530 1241 568 d.
1261 529 1347 568 ΡΗ.
1366 542 1403 568 u.
1421 541 1451 567 s.
1467 542 1516 566 w.

178 600 313 652 Leipz.
348 599 467 642 1798.
502 615 542 653 p.
573 600 677 653 19),
735 603 975 643 Kieserus
1019 605 1059 644 in
1094 606 1234 646 eodem
1270 606 1396 657 spatio
1433 604 1517 644 folii

176 677 357 717 Phaseoli
391 677 564 730 vulgaris
599 679 703 719 ultra
737 681 848 721 2000
901 681 1130 733 (Phyton.
1162 681 1338 735 §.3722
1396 681 1518 721 Varia

177 754 282 794 enim
317 761 376 794 est
408 755 646 807 magnitudo.
709 758 867 809 Majora
894 758 934 797 in
962 759 1257 810 Monocotyleis
1286 763 1514 806 occurrunt,

174 832 407 882 praesertim
435 832 476 871 in
504 833 608 873 foliis
636 834 798 886 magnis,
826 835 980 874 minora
1007 835 1047 874 in
1065 836 1291 887 Dicotyleis,
1323 841 1362 875 et
1390 836 1430 874 in
1458 835 1516 874 his

176 907 271 948 folia
297 910 448 960 majora
474 923 722 963 nequaquam
749 923 906 963 semper
932 912 1075 952 habent
1102 912 1282 952 stomatia
1298 913 1459 963 majora.

283 1007 522 1061 Plerumque
551 1009 653 1048 inter
681 1010 844 1050 cellulas
872 1011 1002 1062 posita
1030 1015 1140 1060 sunt,
1169 1011 1420 1063 epidermidis
1450 1023 1516 1049 cu-

173 1084 294 1124 ticula
320 1098 402 1124 non
429 1085 608 1134 inducta,
644 1085 841 1125 interdum
876 1087 1030 1127 cellulis
1059 1088 1306 1139 epidermidis
1334 1088 1517 1139 imposita

174 1169 267 1201 sunt
293 1166 338 1201 ut
365 1162 405 1201 in
431 1162 630 1212 Filicibus‚
659 1163 853 1203 interdum
882 1177 1040 1217 quoque
1068 1164 1170 1204 intra
1199 1165 1407 1204 cavitatem
1434 1164 1516 1215 epi-

176 1238 362 1279 dermidis
398 1239 579 1280 demersa
620 1240 892 1290 inveniuntur,
942 1241 1073 1294 qualia
1107 1241 1148 1280 in
1183 1241 1410 1281 Proteaceis
1446 1254 1513 1280 va-

175 1315 244 1358 riis
270 1316 420 1356 invenit
449 1317 686 1366 Mohlius,
717 1322 756 1357 et
784 1318 868 1369 ipse
895 1318 987 1358 vidi.

280 1404 375 1444 Non
402 1405 627 1457 negaverim
655 1405 838 1445 stomatia
864 1406 1058 1445 interdum
1097 1419 1187 1445 cum
1214 1406 1365 1445 lacunis
1392 1405 1433 1444 in
1461 1405 1517 1444 di-

173 1480 266 1532 ploe
293 1481 481 1522 foliorum
499 1482 803 1531 communicare,
832 1483 903 1522 sed
917 1495 1074 1534 semper
1088 1483 1128 1522 id
1141 1482 1238 1532 fieri,
1265 1482 1382 1533 plane
1399 1494 1513 1532 nego.

285 1581 433 1633 Sparsa
468 1582 508 1621 in
542 1581 742 1634 plerisque
769 1586 861 1621 sunt
889 1582 1049 1633 plantis,
1084 1581 1316 1633 praesertim
1350 1581 1513 1632 Dicoty-

174 1658 266 1708 leis,
306 1659 481 1698 seriatim
517 1659 647 1712 posita
673 1659 714 1699 in
741 1660 848 1702 foliis
875 1659 1079 1699 linearibia
1107 1658 1298 1710 angustis,
1337 1670 1516 1709 praeser-

178 1735 248 1775 tim
283 1735 674 1788 Monocotylearum‚
718 1737 1018 1785 Goniferarum,
1056 1735 1310 1788 aliarumque.
1366 1734 1516 1786 Aggre-

175 1815 265 1863 gata
288 1813 418 1852 rarius
446 1814 717 1861 inveniuntur3
746 1814 888 1853 accidit
915 1827 1012 1853 vero
1042 1813 1083 1852 in
1110 1812 1316 1864 Saxifraga
1343 1825 1516 1852 sarmen-

177 1895 280 1940 tosa,
308 1891 495 1942 Begoniis
522 1891 643 1930 variis
672 1890 852 1943 aliisque,
880 1890 1050 1942 primum
1086 1891 1320 1929 observante
1350 1889 1515 1928 Trevi—

177 1981 297 2007 rano
334 1968 580 2019 (Physiol.
607 1966 643 2022 ξ.
667 1967 793 2019 274).
848 1968 951 2007 Fere
980 1980 1137 2019 semper
1164 1967 1204 2005 in
1232 1967 1291 2006 his
1325 1980 1514 2006 verrucae

174 2046 328 2084 adsunt.

282 2123 438 2161 Desunt
464 2135 622 2173 semper
648 2122 688 2161 in
715 2121 845 2161 nervis
874 2121 1079 2171 foliorum,
1111 2134 1185 2160 nec
1212 2133 1294 2160 non
1322 2120 1362 2158 in
1390 2119 1516 2171 petio-

173 2198 232 2248 lis,
262 2197 340 2237 nisi
366 2198 514 2238 dilatati
541 2198 627 2238 folii
653 2199 827 2239 indolem
853 2211 949 2250 prae
978 2210 1020 2238 se
1050 2199 1189 2237 ferant.

283 2275 438 2314 Desunt
477 2275 518 2314 in
552 2275 774 2328 Aquaticis‚
823 2278 1009 2328 quantum
1054 2275 1126 2314 sub
1172 2287 1273 2327 aqua
1313 2275 1513 2313 demersae

175 2356 378 2398 crescunt3
419 2353 559 2392 adsunt
592 2353 633 2392 in
661 2353 766 2392 foliis
795 2351 974 2397 emersis;
1016 2352 1158 2391 desunt
1193 2363 1351 2403 quoque
1378 2350 1418 2388 in
1445 2363 1525 2401 pa-‘

173 2428 265 2481 gina
294 2429 482 2469 inferiore
523 2429 711 2470 foliorum
752 2442 876 2483 aquae
920 2428 1194 2477 innatantium‚
1240 2428 1380 2466 adsunt
1415 2440 1513 2466 vero

175 2506 217 2546 in
243 2505 460 2558 superiore.

285 2583 440 2624 Desunt
467 2583 507 2623 in
535 2582 678 2635 plantis
705 2596 785 2623 non
813 2583 1027 2623 virentibus
1049 2581 1280 2633 plerumque
1308 2580 1349 2620 in
1376 2581 1514 2620 umbra
