1682 2938
901 126 983 171 170

271 236 336 276 nia
363 240 437 275 etc.
500 236 697 277 Deficiunt
730 242 888 291 qu⁷oque
924 238 1088 278 stamina
1124 240 1174 279 ob
1209 240 1390 280 labiatam
1431 240 1604 282 corollae

269 312 640 363 conformationem,
687 327 764 366 qua
797 315 974 367 ipsorum
1010 316 1186 356 evolutio
1221 318 1405 370 impedita
1439 319 1603 359 videtur.

270 391 337 430 Sic
367 404 456 430 cum
485 390 637 430 corolla
672 391 852 443 ringente
879 393 1127 432 Labiatarum
1163 394 1341 452 quintum
1359 393 1493 447 ‘periit
1527 401 1604 442 sta-

267 481 375 514 men;
403 467 589 507 inSalvia
601 467 718 507 simul
745 469 824 508 duo
852 468 930 508 alia
957 470 1161 521 perierunt
1178 476 1246 510 aut
1274 472 1416 512 effoeta
1431 477 1470 512 et
1493 473 1603 512 dimi-

265 549 361 584 nuta
388 549 671 584 remanserunt.
727 546 772 584 In
791 545 965 586 Aesculo
992 547 1287 598 Hippocastano
1319 554 1472 600 septem
1499 554 1601 596 sunt,

265 621 389 661 tribus
418 622 708 671 deficientibus,
745 635 834 661 cum
863 623 965 662 inter
992 624 1124 675 petala
1150 625 1303 676 singula
1331 627 1409 666 duo
1437 627 1602 666 stamina
1662 663 1664 667 .

264 698 392 750 posita
419 711 505 738 esse
533 699 732 738 deberent.
787 700 831 738 In
852 699 970 739 Pavia
996 713 1093 740 vero
1121 702 1307 741 octandra
1336 704 1415 743 duo
1436 704 1603 744 stamina

264 789 353 815 cum
387 775 518 827 petalo
553 788 764 827 suppressa
807 781 908 816 sunt.
977 777 1022 816 In
1064 778 1289 830 Tropaeolo
1330 776 1479 831 majore
1521 781 1600 820 duo

262 852 428 892 stamina
455 852 616 891 eandem
647 853 697 892 ob
727 865 884 892 causam
907 853 1103 894 deficiunt.
1159 856 1260 895 Sunt
1287 869 1443 910 quoque
1473 870 1597 906 casus,

262 929 303 968 in
331 928 471 981 quibus
499 926 610 968 nulla
637 942 754 968 causa
783 930 959 970 defectus
987 930 1150 970 indicari
1184 936 1332 983 potest,
1373 934 1432 972 uti
1467 934 1506 972 in
1534 947 1598 973 su-

260 1019 334 1056 pra
361 1002 418 1058 (§.
436 1005 517 1056 pr.)
545 1004 666 1044 allato
695 1006 877 1057 exemplo
904 1007 1014 1046 floris
1043 1008 1345 1048 Oruciferarum.
1402 1011 1434 1050 E
1463 1011 1597 1050 multis

261 1082 452 1133 exemplis
479 1082 577 1120 haec
605 1095 732 1133 pauca
758 1082 905 1122 selecta
932 1087 1034 1122 sunt.

367 1192 413 1230 In
441 1191 667 1236 evolutione
694 1191 869 1231 staminis
897 1193 1060 1232 anthera
1085 1193 1197 1244 prior
1223 1194 1430 1241 accrescit,
1458 1199 1598 1245 postea

260 1269 512 1308 filamentum.
566 1268 616 1307 Et
650 1272 741 1307 ante
770 1269 902 1320 petala
929 1270 1092 1309 anthera
1125 1271 1340 1322 perficitur.
1403 1271 1599 1310 Decidunt

258 1345 425 1385 stamina
459 1358 549 1384 cum
585 1345 739 1384 corolla
773 1350 840 1384 aut
867 1350 1008 1397 vegeta
1042 1351 1110 1386 aut
1147 1347 1337 1396 marcida,
1383 1348 1595 1399 persistere

258 1423 344 1462 sola
371 1426 463 1474 post
492 1422 684 1461 corollam
711 1435 794 1461 non
821 1422 991 1462 memini.

364 1533 424 1570 De
460 1530 683 1570 luxuriante
718 1535 759 1570 et
803 1537 1028 1573 monstrosa
1067 1534 1194 1573 forma
1226 1533 1434 1573 staminum
1477 1544 1596 1584 supra

257 1609 405 1649 dictum
434 1613 494 1649 est
521 1612 560 1648 et
586 1607 690 1647 infra
717 1607 882 1649 dicetur.

704 1822 751 1863 A.
808 1823 1147 1863 Filamentum.

362 1952 395 1991 F
398 1952 626 1991 ilamentum
670 1951 870 1993 authen-am
905 1950 1068 1990 sustinet
1103 1955 1141 1991 et
1177 1965 1200 1990 a
1234 1951 1361 1990 forma
1395 1951 1470 1999 fili,
1515 1965 1592 2004 qua

254 2042 373 2080 saepe
402 2029 587 2078 occurrit,
616 2027 693 2068 nisi
720 2027 827 2080 quod
856 2027 1023 2079 rigidum
1048 2028 1108 2077 sit,
1138 2040 1283 2067 nomen
1310 2028 1437 2067 habet.
1466 2029 1591 2068 Inter-

253 2106 346 2144 dum
374 2106 516 2155 deficit,
544 2105 774 2157 praesertim
795 2105 836 2144 in
851 2104 1109 2155 Amentaceis‚
1140 2105 1332 2156 Cycadeis
1360 2109 1445 2153 etc„
1473 2118 1592 2156 saepe

252 2194 350 2221 vero
378 2182 446 2220 ubi
473 2183 642 2222 deficere
670 2182 826 2222 videtur
852 2181 1122 2220 brevissimum
1149 2182 1271 2221 adeat.
1326 2182 1372 2220 In
1395 2181 1591 2221 Coniferis

253 2271 343 2298 cum
371 2270 534 2310 squama
562 2259 706 2299 amenti
734 2259 995 2299 coadunatum
1022 2258 1188 2298 videtur.

310 2363 312 2366 ’
363 2368 423 2407 De
450 2368 667 2408 insertione
695 2367 885 2408 filamenti
911 2380 1032 2420 supra
1059 2367 1207 2407 dictum
1236 2371 1316 2416 est,
1364 2365 1429 2405 ubi
1458 2366 1506 2405 de
1536 2366 1592 2405 in-

251 2445 426 2485 sertione
468 2444 675 2484 staminum
712 2445 898 2485 diximus.
967 2445 1011 2484 Si
1045 2444 1245 2484 filamenta
1278 2443 1318 2482 in
1355 2443 1507 2482 corolla
1542 2443 1591 2482 ad

253 2522 546 2574 receptaculum
572 2533 698 2573 usque
727 2522 956 2570 decurrunt,
992 2521 1203 2560 fasciculus
1230 2532 1415 2559 vasorum
1443 2520 1483 2558 in
1510 2532 1591 2558 me-

255 2599 320 2639 dio
351 2598 584 2640 tenerrimus
619 2602 686 2637 aut
719 2598 836 2649 plane
874 2598 1122 2639 oblitteratas
1159 2596 1351 2636 interdum
1384 2595 1588 2636 invenitur.
