1682 2938
910 137 966 178 50

383 245 477 286 Non
505 242 633 286 solum
661 246 734 286 sub
763 247 988 297 pedunculo
1016 248 1225 299 primario,
1255 249 1324 287 scd
1354 262 1512 302 quoque
1540 251 1612 289 sub

275 323 403 372 ramis,
430 322 603 372 ramulis,
629 322 883 374 pedicellisve
910 325 1093 364 bracteae
1121 325 1384 375 inveniuntur,
1412 339 1492 366 non
1521 340 1613 366 raro

275 413 412 441 omnes
457 401 586 440 forma
620 400 909 452 discrepantes,
958 414 1058 453 quae
1095 407 1190 441 tunc
1226 402 1408 441 bracteae
1442 403 1614 454 prima-

274 478 398 527 riae,
426 476 773 527 secundariae,
801 477 1067 518 tertiariae
1097 482 1167 518 etc.
1196 482 1401 518 vocantur.
1456 480 1613 520 Involu-

274 567 386 594 crum
412 554 485 593 sub
520 553 693 594 umbella
727 554 942 594 universali
970 567 1052 594 non
1079 555 1207 594 minus
1243 555 1531 595 universale
1559 556 1615 596 di-

273 631 394 680 citur,
434 631 506 670 sub
541 631 724 671 umbellis
752 631 982 683 partialibus
1019 635 1086 670 aut
1114 631 1337 670 umbellulis
1365 632 1614 672 involucrum

272 707 438 759 partiale
475 720 547 747 seu
581 707 959 748 involucellum.
1021 707 1115 747 Non
1160 708 1260 747 bene
1299 712 1394 747 tunc
1436 709 1613 760 phyllum

272 784 468 837 singulum
495 784 780 825 involucellum
803 789 959 824 vocant.

379 879 568 918 Bracteas
595 891 778 917 vacuas
808 878 916 927 dico,
953 877 1020 930 qui
1047 878 1165 917 flores
1193 882 1261 917 aut
1287 877 1532 929 pedunculos
1562 891 1611 917 ex

274 954 402 994 axillis
437 967 519 993 non
557 954 785 1005 proferunt,
831 955 958 994 forma
997 959 1127 994 tamen
1163 955 1409 994 bractearum
1443 959 1609 995 servata,

272 1031 414 1070 Flores
443 1034 511 1069 aut
537 1031 750 1081 pedunculi
776 1031 854 1069 hoc
882 1031 922 1069 in
951 1043 1045 1069 casu
1073 1034 1140 1069 aut
1169 1030 1285 1082 plane
1315 1031 1520 1080 deficiunt,
1547 1035 1613 1070 aut

274 1120 411 1146 eorum
440 1107 660 1146 rudimenta
688 1110 840 1146 tantum
870 1107 1022 1146 adsunt.

377 1200 506 1239 Rarus
544 1203 603 1238 est
629 1198 879 1240 bractearum
908 1205 947 1240 et
979 1200 1166 1240 foliorum
1200 1199 1396 1239 floralium
1425 1200 1612 1249 defectus,

272 1281 315 1316 ut
344 1278 384 1316 in
411 1276 613 1329 plerisque
637 1277 866 1317 Cruciferis.

379 1364 701 1414 Monstrositate,
738 1365 941 1413 bracteae,
974 1365 1034 1404 uti
1061 1365 1256 1416 perigonii
1284 1364 1425 1418 phylla
1452 1364 1492 1403 in
1518 1377 1613 1404 vera

268 1440 365 1480 folia
377 1444 588 1490 mutantur,
616 1441 724 1494 quod
745 1441 787 1480 in
809 1440 1070 1490 Graminibus,
1098 1441 1270 1481 Salicum
1298 1441 1474 1492 amentis,
1501 1441 1614 1481 Plan-

270 1517 411 1569 taginis
439 1517 559 1569 spicis
589 1521 662 1557 etc.
692 1530 775 1557 non
803 1530 895 1557 raro
925 1518 1165 1558 observatur.

379 1604 522 1644 Differt
548 1605 707 1644 bractea
735 1618 758 1644 a
783 1605 884 1644 flore
912 1605 1076 1657 ejusque
1103 1604 1298 1656 partibus,
1342 1618 1391 1645 eo
1428 1606 1534 1658 quod
1562 1605 1610 1644 ad

270 1680 386 1719 aliam
415 1693 608 1732 gemmam
643 1694 715 1720 seu
750 1682 883 1732 potius
911 1681 1280 1733 gemmificationem
1307 1682 1511 1733 pertineat.
1567 1683 1610 1721 In

270 1756 438 1796 bracteis
466 1759 600 1797 vacuis
628 1758 904 1810 dignoscendis
932 1758 1101 1797 difficilis
1129 1772 1226 1798 vero
1257 1763 1315 1798 est
1345 1760 1546 1798 character
1575 1763 1612 1797 et

268 1845 387 1885 saepe
415 1833 572 1873 nonnisi
606 1847 657 1874 ex
685 1834 868 1874 affinibus
896 1834 1040 1886 plantis
1069 1835 1330 1875 extricandus.
1386 1835 1610 1875 Secundum

270 1910 538 1950 Linnaeum
567 1910 668 1963 (Ph.
696 1912 795 1952 bot.
815 1911 902 1962 89.)
933 1912 1193 1963 perianthium
1228 1916 1382 1951 maturo
1418 1913 1550 1951 fructu
1577 1911 1609 1950 si

270 2000 350 2026 non
378 1988 488 2038 prius
518 1989 735 2039 marcescit,
764 1988 860 2028 folia
887 1989 1040 2028 floralia
1067 2002 1149 2028 non
1177 1989 1281 2028 item.
1311 1988 1364 2027 At
1381 1988 1421 2027 in
1437 1988 1609 2039 permul-

271 2064 321 2103 tis
349 2064 495 2115 plantis
524 2065 706 2105 bracteae
743 2070 834 2106 ante
863 2066 1013 2105 fructus
1041 2066 1343 2105 maturationem
1381 2070 1420 2104 et
1447 2065 1609 2104 subinde

270 2153 360 2179 cum
387 2140 506 2180 flores
537 2142 803 2194 explicantur,
831 2147 1080 2182 marcescunt
1108 2147 1147 2182 et
1175 2143 1377 2191 decidunt,
1406 2147 1450 2181 ut
1479 2142 1519 2180 in
1546 2141 1610 2180 Li-

268 2221 405 2268 gustro
433 2217 609 2271 aliisque.
678 2219 780 2259 Sunt
812 2218 946 2272 utique
989 2219 1188 2268 bracteae,
1224 2232 1325 2271 quae
1358 2219 1407 2258 ad
1445 2218 1608 2259 eandem

267 2294 652 2347 gemmificationem,
680 2310 727 2336 ac
754 2297 828 2336 flos
856 2296 958 2348 ipse,
986 2297 1196 2347 pertinerev
1214 2296 1415 2345 videntur,
1442 2309 1606 2348 quarum

267 2372 515 2422 complexum
542 2373 824 2412 exanthium
840 2374 1016 2413 dixerim.
1052 2374 1140 2413 Huc
1163 2374 1394 2413 referendae
1412 2376 1503 2411 sunt
1517 2373 1606 2411 bra-

267 2452 353 2488 ctae
369 2449 508 2488 florem
524 2431 800 2490 Chimonanthi
828 2451 1043 2503 cingentes,
1073 2456 1157 2491 tum
1174 2463 1331 2503 quoque
1346 2449 1482 2500 phylla
1500 2453 1606 2488 exte.-

265 2525 371 2565 r10ra
405 2526 446 2565 in
473 2526 609 2577 calyce
638 2527 869 2581 Cactearum
898 2541 999 2581 quae
1028 2540 1186 2581 quoque
1223 2527 1262 2566 in
1294 2526 1441 2577 calycis
1469 2525 1603 2579 phylla

260 2606 474 2653 transeunt,
502 2617 577 2643 nec
606 2616 686 2642 non
715 2604 849 2655 phylla
878 2605 916 2644 iu
947 2605 1083 2655 calyce
1100 2603 1302 2644 Gratiolae
1323 2607 1362 2643 et
1384 2615 1484 2654 quae
1513 2606 1602 2641 sunt
