1682 2938
904 153 986 195 228

254 263 321 313 sis,
345 265 389 302 ut
415 262 456 302 in
483 261 715 312 cucurbita,
743 263 849 315 quod
877 264 1036 304 tubulos
1051 260 1250 303 ‘mucosos
1278 268 1345 304 aut
1369 265 1587 316 graniferos

255 341 320 379 vix
356 339 618 380 transmittere
651 343 794 392 potest.
850 341 1190 391 Brongnartus
1228 341 1267 379 in
1301 341 1418 380 variis
1446 342 1587 393 plantis

254 416 523 469 (Nymphaea,
549 416 750 466 Hibiscus)
786 416 995 456 cuticulam
1024 417 1063 455 in
1092 417 1203 468 apice
1230 417 1417 469 stigmatis
1445 418 1588 458 vidisse

256 495 311 534 ait
338 493 474 545 (Anu.
504 494 540 533 d.
568 507 632 534 sc.
661 497 757 534 nat.
786 491 851 533 12.
881 491 1005 542 149.)

260 636 367 683 143.
432 635 515 682 Ex
549 636 720 682 intima
757 631 1114 681 combinatione
1147 632 1261 700 styli
1294 640 1342 682 et
1373 634 1586 683 {ilamen-

445 728 607 771 torum
650 739 719 768 an
730 720 834 769 dro
846 721 993 787 styli
1005 740 1091 772 um
1126 725 1283 770 oritur
1295 758 1308 783 ,
1331 723 1335 727 ’
1354 741 1418 771 ex
1455 740 1585 770 com-

448 809 696 858 binatione
730 812 972 873 stigmatis
1010 815 1058 858 et
1086 809 1397 858 antherarum
1410 845 1424 870 ⁷
1467 828 1491 857 s
1504 815 1523 857 t
1525 828 1585 875 y-

446 896 464 944 l
476 915 505 945 o
519 916 542 945 s
552 903 572 944 t
582 914 651 962 eg
661 901 719 946 iu
728 915 787 944 m.

361 1008 740 1060 Androstylium
769 1008 1064 1057 Orchidearum‚
1093 1007 1275 1047 columna
1301 1008 1346 1047 R.
1363 1008 1586 1047 Brownii

254 1092 293 1127 et
308 1087 449 1127 Lindl
460 1087 555 1137 eyi,
582 1085 870 1136 gynostemium
885 1083 1340 1136 (gynaecostemonium)
1354 1085 1410 1123 Ri
1420 1084 1587 1123 ohardi

253 1177 274 1203 e
309 1164 413 1215 stylo
455 1167 495 1203 et
536 1161 744 1202 filamentis
784 1162 840 1201 ita
883 1161 1110 1201 coadunatis
1146 1165 1320 1209 constat,
1368 1164 1412 1199 ut
1453 1160 1586 1199 distin-

250 1241 317 1292 gui
357 1243 566 1293 nequeant.
640 1239 710 1278 Est
755 1238 996 1279 continuatio
1035 1237 1220 1290 pedicelli
1258 1250 1379 1289 supra
1416 1250 1587 1288 germen,

250 1329 331 1357 non
362 1317 492 1356 solum
521 1329 610 1356 cum
637 1314 842 1355 filamentis
870 1316 938 1355 sed
969 1327 1127 1367 quoque
1150 1328 1238 1353 cum
1252 1314 1446 1365 perigonii
1475 1314 1587 1365 phyl-

250 1394 299 1433 lis
329 1397 512 1443 connata,
541 1393 772 1445 praesertim
801 1406 889 1432 cum
916 1392 1071 1441 labello,
1102 1393 1209 1443 quod
1236 1391 1429 1430 interdum
1458 1403 1479 1429 e
1507 1403 1587 1429 me-

250 1471 316 1510 dio
344 1469 589 1522 androstylio
609 1469 701 1509 exit.
757 1469 966 1508 Structura
991 1468 1101 1507 varia
1118 1471 1189 1508 est.
1247 1468 1413 1518 Semper
1440 1467 1586 1506 canalis

248 1547 491 1599 stigmaticus
531 1559 605 1598 per
639 1545 811 1585 medium
850 1546 1044 1595 decurrit,
1086 1545 1153 1598 qui
1189 1546 1272 1584 fere
1304 1557 1461 1595 semper
1496 1547 1586 1594 post

246 1623 561 1664 fecundationem
608 1623 712 1662 tubis
757 1623 931 1663 mucosis
978 1626 1117 1671 scatet,
1171 1620 1295 1660 libere
1341 1622 1391 1660 ad
1438 1621 1586 1659 semina

247 1699 560 1748 transeuntibus,
602 1699 694 1751 quia
729 1699 876 1738 canalis
920 1699 962 1738 in
1001 1712 1140 1738 cavum
1173 1697 1357 1749 germinis
1399 1697 1583 1748 aperitur.

246 1777 420 1828 Papillas
454 1788 551 1815 vero
588 1774 630 1813 in
656 1775 732 1813 hoc
767 1775 894 1813 canali
920 1775 988 1814 vix
1015 1775 1116 1813 ullas
1150 1774 1304 1824 reperii.
1360 1773 1454 1812 Non
1493 1786 1583 1812 raro

247 1865 344 1893 vero
382 1856 422 1891 et
450 1851 549 1890 alius
584 1850 730 1890 canalis
771 1863 844 1901 per
877 1850 1161 1901 androstylium
1197 1848 1386 1897 decurrit,
1427 1849 1584 1900 papillis

248 1929 400 1969 obsitus
435 1927 704 1980 frequentibus
740 1939 911 1978 superne
945 1927 1114 1978 amplus,
1159 1926 1311 1965 inferne
1351 1925 1584 1964 constrictus

249 2010 289 2045 et
323 2016 502 2053 cessans,
548 2017 637 2043 cum
675 2016 696 2042 e
733 2004 932 2043 contrario
967 2003 1110 2042 canalis
1144 2002 1380 2053 stigmaticus
1415 2014 1585 2053 superne

247 2085 435 2133 angustus
464 2081 534 2129 sit,
562 2080 715 2119 inferne
742 2093 858 2129 vero,
885 2080 953 2119 ubi
978 2080 1020 2119 in
1047 2091 1207 2131 germen
1235 2078 1392 2128 transit,
1420 2078 1583 2129 amplus.

248 2157 456 2209 EJusmodi
492 2156 667 2196 canalem
697 2156 933 2207 papillosum
968 2156 1007 2195 in
1035 2155 1270 2207 Epidendris
1305 2154 1403 2203 vidi,
1442 2154 1484 2193 in
1512 2155 1584 2193 Ga-

248 2233 381 2273 lanthe
396 2232 573 2285 aliisque,
588 2233 718 2272 deficit
734 2245 832 2272 vero
850 2233 890 2272 in
905 2233 1143 2272 nostratibus
1162 2230 1380 2279 Orchideis,
1396 2235 1583 2283 quantum

249 2308 344 2349 mihi
358 2313 605 2360 compertum
621 2313 692 2349 est.
722 2308 879 2349 Canalis
896 2308 1138 2360 stigmaticus
1154 2307 1352 2348 fasciculis
1380 2307 1502 2346 tribus
1516 2320 1583 2347 va-

247 2398 384 2426 sorum
410 2385 587 2437 stipatur,
615 2398 706 2425 cum
734 2384 821 2436 ipso
848 2385 993 2436 stylum
1015 2384 1352 2425 constituentibus.
1408 2383 1582 2422 Circum-

246 2461 367 2514 positi
393 2466 485 2501 sunt
511 2460 577 2500 alii
604 2461 798 2511 fasciculi,
838 2465 878 2500 et
914 2474 1003 2500 cum
1033 2461 1273 2501 filamentum
1304 2460 1500 2512 singulum
1528 2461 1583 2499 fa-

243 2537 438 2578 sciculum
463 2549 536 2588 per
562 2537 732 2576 medium
759 2538 1034 2577 decurrentem
1055 2538 1210 2586 habeat,
1244 2539 1305 2576 tot
1331 2535 1481 2588 poteris
1509 2547 1580 2574 nu-

243 2626 396 2655 merare
422 2612 588 2655 stamina
615 2617 713 2666 quot
740 2614 883 2654 adsunt
911 2613 1088 2654 fasciculi
1115 2625 1310 2654 vasorum.
1367 2613 1412 2652 In
1439 2611 1578 2651 Calan-
