1682 2938
923 134 1006 175 224

301 243 403 294 pilos
432 242 698 290 inveniuntur,
739 256 907 295 quorum
935 258 1036 295 apex
1063 246 1183 297 perit,
1220 247 1322 286 basis
1350 260 1446 287 vero
1475 260 1545 287 seu
1574 249 1630 287 in-

301 320 424 359 ferior
458 333 551 371 pars
579 319 753 371 persistit
780 325 963 372 apertura
999 324 1184 372 maxima,
1225 325 1350 363 canali
1389 337 1469 363 non
1503 325 1630 364 solum

297 410 373 448 per
399 396 521 447 pilum
549 397 792 446 decurrente,
820 399 891 437 sed
918 411 1074 451 quoque
1103 399 1205 439 intra
1223 401 1368 452 stylum
1391 401 1630 450 continuato,

299 473 426 513 subito
457 487 551 513 vero
581 478 758 513 cessante
789 478 826 513 et
854 475 998 514 clauso.

407 584 591 635 Stigma
621 587 678 622 est
707 583 933 623 extremitas
965 585 1062 637 styli
1089 590 1156 624 aut
1186 588 1270 636 ejus
1301 586 1534 624 divisionum
1563 598 1629 636 pa-

296 661 402 713 pillis
436 666 577 700 notata.
641 660 781 699 Limite
810 661 978 700 naturali
1015 675 1096 700 non
1131 663 1259 701 differt
1287 676 1309 701 a
1337 663 1459 713 stylo;
1506 661 1629 712 papil-

295 739 358 779 lae
388 739 491 779 enim
517 738 660 777 sensim
688 738 860 777 rariores
890 739 1187 790 crebrioresque
1215 739 1324 778 fiunt.
1377 740 1420 778 Si
1447 742 1628 777 accurate

294 816 405 868 loqui
432 816 490 855 vis
519 815 641 866 stylus
671 819 728 854 est
755 814 986 863 multifidus,
1033 815 1067 854 si
1094 819 1152 854 tot
1181 816 1322 854 adsunt
1351 816 1506 854 canales
1535 814 1628 865 stig-

296 893 445 941 matici‚
476 897 573 944 quot
599 892 826 938 divisiones,
863 896 905 930 ut
933 892 972 930 in
1001 891 1253 943 Pelargonio,
1282 892 1421 943 stigma
1447 905 1543 930 vero
1571 891 1628 929 bi-

294 969 543 1009 multifidium
571 973 662 1017 etc„
705 969 738 1007 si
766 968 870 1006 inter
904 968 1115 1007 divisiones
1151 969 1246 1007 duas
1275 973 1348 1007 etc.
1386 968 1531 1007 canalis
1561 968 1627 1006 de-

296 1047 428 1095 currit,
457 1050 501 1084 ut
529 1046 569 1084 in
596 1044 767 1096 Digitali.
824 1044 867 1082 Si
896 1044 1021 1095 stylus
1050 1044 1262 1084 multifidus
1288 1050 1356 1094 est,
1385 1045 1425 1084 in
1453 1045 1626 1098 qualibet

292 1124 483 1164 divisione
511 1122 651 1173 stigma
677 1120 885 1173 reperitur.

402 1232 552 1284 Stigma
585 1235 653 1271 aut
681 1243 902 1270 convexum
931 1235 1007 1279 est,
1034 1235 1100 1270 aut
1128 1243 1361 1279 concavum,
1401 1235 1468 1270 aut
1494 1235 1626 1282 pertu-

291 1323 389 1350 sum.
445 1309 594 1360 Stigma
621 1321 889 1348 convexum
916 1321 1076 1359 parvam
1104 1313 1234 1347 tamen
1259 1308 1400 1347 habere
1427 1307 1529 1347 solet
1556 1307 1627 1346 im-

289 1387 535 1438 pressionem
563 1386 629 1424 ubi
658 1385 801 1424 canalis
830 1385 1068 1435 stigmaticus
1105 1385 1253 1436 incipit.
1309 1386 1378 1424 Est
1414 1385 1625 1436 subglobo-

291 1477 388 1512 sum,
417 1463 679 1514 deplanatum,
709 1462 939 1511 orbiculare,
967 1462 1215 1513 angulatum,
1242 1462 1422 1508 incisum3
1450 1461 1625 1501 foveola-

267 1546 392 1589 .tum‚
428 1539 706 1590 emarginatum
735 1543 809 1578 etc.
866 1539 909 1577 Si
938 1538 1030 1590 styli
1057 1539 1168 1590 apice
1200 1539 1267 1579 vix
1302 1539 1417 1578 latius
1447 1543 1523 1587 est,
1558 1542 1625 1577 aut

290 1618 323 1656 si
351 1617 572 1668 angustius,
616 1617 800 1655 filiforme
828 1620 1005 1656 vocatur.
1062 1615 1210 1666 Stigma
1245 1628 1514 1654 concavum
1542 1628 1624 1654 non

289 1695 416 1733 minus
444 1693 639 1732 interdum
668 1697 727 1732 est
754 1691 950 1741 filiforme,
980 1691 1216 1739 orbiculare,
1246 1691 1487 1743 angulatum,
1517 1704 1623 1731 com-

287 1783 486 1822 pressum,
515 1769 899 1820 tri-multipartitum,
929 1767 1127 1806 stellatum
1157 1771 1228 1806 etc.
1286 1768 1433 1819 Stigma
1459 1774 1623 1819 pertu-

289 1860 389 1886 sum
426 1847 600 1886 canalem
635 1846 750 1885 habet
778 1845 882 1884 inter
916 1843 1148 1895 partitiones
1177 1844 1396 1883 intrantem.
1454 1844 1498 1883 Si
1526 1845 1622 1884 divi-

288 1925 419 1963 siones
458 1922 750 1971 teretinsculae,
794 1923 867 1961 erit
900 1921 1038 1971 stigma
1073 1919 1444 1971 bi-multipartitum‚
1486 1921 1519 1959 si
1554 1921 1620 1960 de-

288 2002 484 2052 planatae‚
514 2000 791 2040 bilamellatum
819 1996 1055 2049 (Digitalis),
1083 1995 1462 2050 quadrilamellatum
1490 1997 1620 2048 (Clar-

287 2077 372 2126 kia)
400 2082 472 2117 etc.

394 2185 540 2236 Apices
585 2185 790 2236 stigmatis,
830 2185 1062 2236 praesertim
1103 2184 1138 2223 si
1179 2184 1304 2236 stylus
1343 2183 1508 2235 partitus
1550 2187 1619 2232 est,

287 2263 442 2314 saepius
471 2262 607 2301 reflexi
637 2261 953 2312 conspiciuntur,
990 2261 1183 2300 interdum
1213 2260 1410 2312 spiraliter
1436 2260 1618 2300 contorti.

393 2371 568 2427 Papillae
603 2374 670 2409 aut
696 2374 821 2409 totum
849 2370 989 2422 stigma
1025 2373 1241 2421 occupant,
1285 2373 1351 2408 aut
1378 2368 1506 2409 varias
1535 2372 1620 2407 tan-

286 2452 368 2488 tum
395 2451 547 2499 partes,
575 2452 791 2486 extremum
819 2448 1015 2487 interdum
1042 2447 1210 2498 apicem,
1236 2446 1416 2497 paginam
1443 2444 1619 2497 superio-

284 2538 369 2564 rem
397 2529 437 2564 et
464 2518 708 2572 interiorem,
737 2528 803 2562 aut
831 2516 1025 2574 margines
1052 2527 1218 2571 tantum,
1247 2522 1352 2574 quod
1380 2522 1420 2561 in
1448 2521 1618 2572 Compo-

284 2600 369 2641 sitis
402 2600 578 2640 videmus
616 2600 706 2649 (cfr.
736 2600 1008 2640 Cassinium
1044 2599 1091 2639 in
1122 2601 1294 2650 Opusc.
1328 2599 1454 2650 phyt.
1480 2595 1516 2637 1.
1544 2595 1614 2646 3.).
