1682 2938
915 141 971 182 62

283 268 424 298 revera
449 262 581 294 ramos
609 263 707 301 esse,
734 251 849 291 facile
875 251 1123 303 perspicitur,
1151 252 1223 293 sed
1250 251 1353 291 idem
1381 264 1538 304 quoque
1567 253 1616 291 de

283 331 443 385 reliquis
469 328 612 383 plantis
639 329 879 380 perennibus
907 328 1116 368 dicendum
1153 333 1228 378 est,
1263 329 1304 368 in
1340 328 1480 381 quibus
1507 329 1616 367 radix

284 409 408 450 caulis
435 406 534 447 vice*
552 405 735 457 fungitur.

390 495 503 536 Rami
531 507 689 548 quoque
716 498 784 532 aut
811 493 940 544 primo
958 506 1072 543 anno,
1101 507 1181 546 quo
1206 494 1309 533 enati
1336 496 1438 541 sunt,
1466 492 1618 539 florent,

282 579 351 617 aut
377 572 630 626 sequentibus
658 570 782 610 annis.
839 570 885 609 In
913 569 988 609 illis
1017 571 1137 610 fiores
1167 584 1188 610 e
1216 571 1323 622 ligno
1339 573 1498 610 recente
1527 581 1620 620 pro-

283 651 368 691 dire
404 651 446 689 in
485 649 545 688 his
579 661 600 688 e
641 648 749 700 ligno
784 650 941 686 vetusto
980 647 1046 697 (ut
1080 648 1121 686 in
1156 648 1381 696 Pomaceis)
1423 645 1620 686 hortulani

283 729 435 776 dicunt,
477 725 732 779 quamobrem
767 724 808 764 in
835 724 896 763 his
924 737 1055 764 ramos
1083 725 1263 765 novellos
1302 724 1527 764 rescindere
1556 735 1620 762 so-

283 805 383 853 lent,
424 816 474 843 ne
509 802 673 842 floribus
709 805 748 841 et
782 801 972 841 fructibus
1007 801 1300 852 procrescendo
1340 801 1621 840 nutrimentum

284 881 463 933 eripiant.
519 880 607 919 Huc
642 892 800 932 quoque
835 878 1034 930 pertinent
1069 878 1226 930 plantae
1265 889 1477 929 perennes,
1520 888 1620 928 quae

284 971 441 1010 semper
469 970 490 996 e
518 956 627 1008 ligno
654 959 832 1004 vetusto,
860 956 885 995 i.
916 969 949 995 e.
981 970 1002 995 e
1031 967 1187 1004 cormo,
1224 955 1440 994 rhizomate
1467 957 1534 993 aut
1561 965 1622 991 ra-

285 1036 372 1075 dice
399 1035 554 1074 florent.

392 1121 629 1172 Plerumque
663 1119 762 1159 rami
789 1119 1015 1170 superiores
1042 1120 1272 1170 praesertim
1298 1119 1462 1158 fioribus
1490 1118 1623 1157 onusti

285 1203 388 1248 sunt,
415 1197 538 1249 magis
565 1195 784 1248 minusque,
811 1195 853 1234 in
872 1195 1008 1246 paucis
1033 1197 1264 1246 praesertim
1291 1196 1389 1236 rami
1415 1195 1622 1235 inferiores

287 1281 327 1316 et
355 1266 446 1316 sunt
479 1286 638 1327 quoque
674 1264 832 1324 p'lantae
862 1285 963 1324 quae
1000 1272 1120 1312 flores
1148 1274 1220 1313 sub
1248 1277 1353 1313 terra
1386 1273 1620 1325 praesertim

287 1353 480 1401 emittunt,
509 1352 557 1390 de
586 1363 664 1403 qua
691 1363 735 1389 re
762 1347 798 1402 §.
825 1362 884 1400 pr.
913 1349 1061 1388 dictum
1090 1354 1162 1389 est.

393 1443 507 1483 Rami
533 1443 722 1482 florentes
750 1442 983 1494 plerumque
1019 1450 1110 1481 ante
1137 1443 1426 1482 florescentiam
1454 1447 1493 1482 et
1524 1443 1625 1481 inter

287 1522 413 1573 ipsam
442 1524 684 1568 excrescunt,
711 1519 838 1559 rarius
866 1523 957 1570 post
982 1519 1283 1569 florescentiam,
1313 1520 1420 1571 quod
1447 1519 1488 1558 in
1508 1519 1625 1558 Pino-

286 1612 374 1650 rum
401 1597 520 1637 ramis
548 1596 732 1636 masculis
764 1597 851 1636 fieri
887 1596 1002 1636 solet.
1059 1596 1258 1635 Interdum
1295 1602 1388 1647 post
1414 1597 1625 1635 florescen-

287 1675 381 1715 tiam
408 1674 508 1714 rami
535 1675 723 1714 florentes
750 1687 890 1725 parum
928 1677 1182 1722 excrescunt,
1219 1674 1326 1725 quod
1353 1674 1394 1712 in
1415 1672 1625 1712 Pomaceis

287 1751 528 1792 nostratibus
554 1751 743 1790 videmus.
803 1751 853 1790 Hi
880 1763 962 1789 non
989 1762 1081 1789 raro
1111 1753 1199 1789 ante
1227 1749 1414 1789 foliorum
1450 1748 1626 1799 eruptio-

287 1842 379 1868 nem
412 1829 573 1877 florent‚
610 1828 730 1867 flores
763 1839 977 1879 praecoces
1011 1827 1271 1877 proferentes.
1327 1826 1430 1865 Sunt
1457 1837 1626 1877 quoque,

289 1905 464 1957 plantae,
493 1905 535 1943 in
562 1899 703 1957 quibus
732 1904 865 1944 caules
894 1908 933 1943 et
959 1902 1078 1951 rami,
1110 1907 1319 1954 postquam
1347 1902 1626 1949 defloruerunt‚

288 1983 388 2022 alios
416 1994 547 2022 ramos
576 1995 626 2021 ex
653 1974 764 2033 apice
792 1980 1112 2031 (Callistemones
1141 1992 1174 2019 e.
1202 1977 1260 2031 g.)
1287 1982 1354 2018 aut
1382 1992 1403 2017 e
1436 1978 1625 2018 lateribus

289 2059 538 2111 (Euphorbia
563 2049 748 2110 palustris
777 2071 810 2098 e.
838 2059 895 2111 g.)
921 2058 1169 2110 protrudunt.

397 2153 442 2190 In
469 2151 700 2204 quibusdam
726 2150 871 2203 plantis
897 2151 996 2190 rami
1018 2150 1173 2190 steriles
1201 2162 1225 2188 a
1251 2147 1482 2187 florentibus
1509 2146 1625 2198 plane

290 2228 462 2280 separati
488 2228 758 2278 inveniuntur,
807 2229 856 2268 de
890 2241 967 2280 qua
999 2241 1044 2267 re
1071 2225 1107 2281 ἓ.
1127 2227 1191 2268 77.
1220 2226 1458 2266 conferatur.
1515 2224 1627 2262 Tunc

290 2305 523 2357 plerumque
557 2306 655 2344 rami
681 2306 906 2357 superiores
934 2305 1094 2345 foliiferi
1127 2309 1237 2353 sunt,
1280 2302 1485 2342 inferiores
1520 2299 1627 2338 flori-

291 2381 390 2434 geri,
428 2381 536 2434 quod
570 2381 612 2421 in
639 2382 891 2422 Amentaceis
925 2382 1124 2434 plerisque
1158 2380 1296 2421 videre
1323 2379 1427 2418 licet.
1483 2376 1625 2416 Rarius

292 2458 390 2498 rami
424 2446 651 2510 superiores
687 2459 861 2511 florigeri
893 2464 985 2499 sunt
1017 2459 1225 2499 inferiores
1268 2454 1455 2506 foliigeri,
1499 2458 1545 2494 ut
1587 2453 1627 2492 in

292 2536 460 2588 Myrica.
515 2536 589 2575 Ubi
616 2536 715 2575 rami
741 2536 906 2576 floriferi
934 2550 958 2575 a
985 2536 1166 2576 foliiferis
1194 2532 1363 2585 separati
1390 2535 1501 2581 sunt,
1543 2542 1626 2570 non

292 2626 385 2653 raro
412 2614 530 2654 flores
559 2617 650 2653 ante
690 2613 786 2652 folia
813 2618 1036 2667 emergunt,
1081 2624 1295 2664 praecoces
1330 2608 1496 2650 dicendi.
1551 2606 1628 2646 Ar-
