1682 2938
863 154 944 196 214

235 264 342 302 nium
361 263 591 303 Parnasslae
608 275 682 303 nec
709 275 791 304 non
811 264 1008 314 Resedae,
1034 266 1082 304 de
1111 266 1250 317 quibus
1279 279 1398 317 supra
1425 267 1573 307 dictum

238 344 307 379 est.
364 340 476 380 Haeo
507 340 638 380 omnia
677 341 843 380 stamina
885 343 1160 394 anamorphosi
1203 347 1348 383 mutata
1380 344 1572 393 videntur,

239 417 346 470 quod
366 418 451 467 jam
476 417 630 469 pridem
657 418 807 457 monuit
833 418 1179 468 R.Brownius,
1212 425 1294 458 tum
1323 421 1573 472 Turpinus

242 494 422 546 exposuit
448 493 1057 547 (Essai'd'lconographie
1082 495 1195 545 130.)
1225 501 1263 535 et
1282 497 1389 552 ‚malo
1418 498 1575 537 nomine

241 571 574 623 phycostemones
602 571 767 620 vocavit,
796 573 903 624 quod
929 572 1094 612 stamina
1122 574 1251 612 fucata
1279 573 1480 625 significat.

349 679 412 719 Ad
439 681 613 731 germina
647 681 798 720 accedit
825 681 1052 720 Annulus
1091 694 1326 720 carnosus
1363 695 1481 733 saepe
1517 687 1576 722 to-

241 760 323 795 tum
351 757 511 808 cingens
540 770 711 808 germen,
740 757 874 796 colore
902 758 1133 810 plerumque
1161 758 1268 797 luteo
1299 763 1337 797 et
1365 769 1485 798 aureo
1507 760 1576 798 im-

241 832 378 881 butus,
403 834 590 887 ffrequens
612 834 653 872 in
680 834 913 883 Personatis,
941 835 1120 883 Labiatis,
1150 834 1476 874 Convolvulaceis
1504 840 1577 876 etc.

241 910 287 948 ln
313 910 484 950 Labiatis
514 923 548 949 e.
578 922 612 960 g.
650 910 690 948 in
720 910 861 950 Salviis
888 911 1006 950 variis
1044 916 1083 949 et
1110 911 1214 950 inter
1241 912 1415 962 germina
1443 917 1578 952 exten-

243 986 357 1034 ditur,
387 999 487 1038 quae
516 986 590 1037 ipsi
604 986 789 1036 imposita
801 986 992 1026 videntur.
1048 987 1299 1026 Unilateralis
1329 992 1389 1027 est
1414 989 1455 1027 in
1473 991 1576 1029 Oro-

242 1062 409 1111 banche,
439 1062 486 1101 ab
512 1075 593 1101 uno
623 1061 774 1101 scilicet
800 1062 924 1101 latere
951 1062 1117 1113 germini
1146 1065 1370 1114 oppositus3
1398 1065 1578 1105 bilatera-

242 1138 291 1177 lis
325 1138 366 1177 in
393 1139 556 1177 Petunia
590 1138 772 1191 aliisque,
809 1139 905 1178 duas
941 1150 1120 1191 squamas
1157 1140 1358 1192 oppositas
1387 1141 1580 1190 formans;

242 1214 531 1267 quinquelobus
555 1216 785 1263 inCobaea;
814 1215 990 1255 sinuatus
1016 1215 1056 1254 in
1072 1216 1266 1255 Thouinia
1292 1216 1460 1267 pinnata,
1488 1232 1581 1270 qua-

243 1291 495 1340 drilateralis‚
522 1305 644 1332 nuces
672 1296 843 1345 quatuor
870 1306 893 1331 a
920 1293 1043 1332 latere
1072 1293 1266 1332 exteriore
1296 1293 1473 1344 cingens,
1509 1308 1582 1335 nec

244 1381 268 1407 a
294 1368 416 1408 latere
445 1369 642 1418 interiore,
676 1371 716 1408 in
743 1369 1008 1421 Borragin’eis.

352 1477 431 1530 Qui
458 1478 498 1517 in
525 1479 793 1530 Monopetalis
821 1479 988 1519 annulus
1017 1483 1093 1527 est,
1129 1480 1170 1518 in
1197 1479 1315 1518 variis
1342 1480 1583 1531 Polypetalis

245 1554 469 1594 extenditur
496 1559 535 1594 et
563 1555 734 1594 discus
762 1556 815 1594 fit.
873 1555 941 1594 Sic
969 1556 1009 1594 in
1037 1555 1159 1604 Rhoe,
1187 1555 1450 1607 Elaeocarpo‚
1481 1557 1582 1597 Evo-

245 1643 384 1680 nymo,
420 1631 631 1683 multisque
665 1632 873 1671 Rhamneis
902 1632 1065 1684 aliisque
1092 1632 1304 1682 reperitur,
1341 1637 1467 1672 totum
1495 1647 1582 1685 spa-

244 1705 340 1745 tium
367 1707 469 1746 inter
496 1720 655 1759 germen
693 1713 731 1747 et
764 1708 928 1747 stamina
964 1718 1175 1758 occupans.
1232 1709 1431 1748 Interdum
1459 1711 1584 1751 unila-

245 1783 378 1822 teralis
404 1785 675 1823 tantummodo
705 1788 774 1833 est,
802 1783 862 1823 uti
889 1797 1050 1836 squama
1079 1785 1118 1822 in
1134 1785 1315 1831 Resedis;
1344 1785 1401 1824 sic
1425 1800 1583 1839 quoque

245 1859 286 1898 in
307 1859 481 1900 Aesculo
510 1861 717 1900 invenitur.
775 1861 1032 1900 Characteres
1060 1861 1223 1911 praebet
1253 1862 1302 1899 ad
1331 1862 1489 1902 ordines
1515 1877 1583 1902 na-

246 1936 391 1976 turales
420 1937 717 1989 distinguendos
745 1941 869 1988 aptos.

355 2046 498 2085 Discus
526 2046 702 2085 occurrit
719 2059 877 2099 quoque
906 2046 946 2085 in
973 2046 1211 2097 germinibus
1241 2046 1388 2096 inferis,
1419 2062 1452 2088 e.
1479 2062 1514 2100 g.
1545 2050 1585 2089 in

245 2121 364 2172 Pyro,
391 2123 586 2174 Mespilo,
630 2122 698 2161 ubi
734 2124 881 2163 nodum
909 2123 1137 2162 inferiorem
1165 2124 1267 2162 forte
1294 2124 1404 2163 solus
1441 2126 1587 2166 claudit

248 2201 286 2236 et
315 2199 529 2239 constituit.
592 2199 777 2238 Laminae
815 2199 914 2238 duae
953 2212 1140 2239 carnosae
1175 2200 1246 2238 sub
1277 2201 1382 2251 stylo
1419 2203 1489 2241 sed
1523 2215 1587 2242 su-

246 2286 320 2324 pra
341 2287 501 2326 germen
536 2277 577 2315 in
605 2275 868 2315 Umbelliferis
896 2276 1068 2327 positae,
1108 2276 1376 2328 stylopodium
1412 2284 1587 2328 vocatae,

249 2350 325 2389 huc
354 2364 511 2404 quoque
540 2352 771 2392 referendae
799 2355 899 2392 sunt.

356 2459 420 2499 Ad
452 2465 585 2512 partes
612 2473 693 2499 non
733 2461 964 2512 explicatas,
1008 2461 1255 2513 perigynium
1291 2463 1587 2512 constituentes,

252 2536 461 2587 glandulae
488 2537 699 2588 pertinent.
758 2537 977 2576 Glandulae
1007 2537 1177 2589 quinque
1205 2537 1245 2577 in
1261 2539 1494 2589 gynophoro
1521 2539 1591 2578 flo-

252 2613 307 2652 ris
334 2613 462 2653 Rutae
489 2613 661 2666 positae,
689 2614 822 2652 locum
851 2614 949 2653 disci
977 2615 1082 2653 forte
1117 2619 1324 2665 occupant.
1382 2616 1426 2654 In
1454 2615 1589 2654 Cruci-
