<?xml version="1.0" encoding="UTF-8"?>
<!DOCTYPE html PUBLIC "-//W3C//DTD XHTML 1.0 Transitional//EN"
    "http://www.w3.org/TR/xhtml1/DTD/xhtml1-transitional.dtd">
<html xmlns="http://www.w3.org/1999/xhtml" xml:lang="en" lang="en">
 <head>
  <title>
</title>
<meta http-equiv="Content-Type" content="text/html;charset=utf-8" />
  <meta name='ocr-system' content='tesseract 3.04.00' />
  <meta name='ocr-capabilities' content='ocr_page ocr_carea ocr_par ocr_line ocrx_word'/>
</head>
<body>
  <div class='ocr_page' id='page_1' title='image "./elementaphilosop02linkuoft_0136.png"; bbox 0 0 1682 2938; ppageno 0'>
   <div class='ocr_carea' id='block_1_1' title="bbox 925 130 1007 173">
    <p class='ocr_par' dir='ltr' id='par_1_1' title="bbox 925 130 1007 173">
     <span class='ocr_line' id='line_1_1' title="bbox 925 130 1007 173; baseline -0.024 0"><span class='ocrx_word' id='word_1_1' title='bbox 925 130 1007 173; x_wconf 85' lang='lat'><strong>114</strong></span> 
     </span>
    </p>
   </div>
   <div class='ocr_carea' id='block_1_2' title="bbox 278 239 1682 2674">
    <p class='ocr_par' dir='ltr' id='par_1_2' title="bbox 288 239 1682 1673">
     <span class='ocr_line' id='line_1_2' title="bbox 297 239 1630 296; baseline 0.004 -17"><span class='ocrx_word' id='word_1_2' title='bbox 297 245 396 280; x_wconf 84' lang='lat' dir='ltr'><strong>nata.</strong></span> <span class='ocrx_word' id='word_1_3' title='bbox 467 240 517 279; x_wconf 81' lang='lat' dir='ltr'><strong>Et</strong></span> <span class='ocrx_word' id='word_1_4' title='bbox 554 239 707 280; x_wconf 88' lang='lat' dir='ltr'><strong>corolla</strong></span> <span class='ocrx_word' id='word_1_5' title='bbox 740 240 1013 292; x_wconf 84' lang='lat' dir='ltr'><strong>papilionacea</strong></span> <span class='ocrx_word' id='word_1_6' title='bbox 1042 243 1117 282; x_wconf 87' lang='lat' dir='ltr'><strong>huc</strong></span> <span class='ocrx_word' id='word_1_7' title='bbox 1157 243 1297 282; x_wconf 86' lang='lat' dir='ltr'><strong>referri</strong></span> <span class='ocrx_word' id='word_1_8' title='bbox 1326 246 1474 294; x_wconf 85' lang='lat' dir='ltr'><strong>potest,</strong></span> <span class='ocrx_word' id='word_1_9' title='bbox 1518 247 1630 296; x_wconf 86' lang='lat' dir='ltr'><strong>cujus</strong></span> 
     </span>
     <span class='ocr_line' id='line_1_3' title="bbox 296 317 1675 370; baseline 0.003 -13"><span class='ocrx_word' id='word_1_10' title='bbox 296 318 371 358; x_wconf 88' lang='lat' dir='ltr'><strong>tria</strong></span> <span class='ocrx_word' id='word_1_11' title='bbox 397 317 528 369; x_wconf 86' lang='lat' dir='ltr'><strong>petala</strong></span> <span class='ocrx_word' id='word_1_12' title='bbox 555 320 734 368; x_wconf 84' lang='lat' dir='ltr'><strong>separata</strong></span> <span class='ocrx_word' id='word_1_13' title='bbox 763 322 872 367; x_wconf 88' lang='lat' dir='ltr'><strong>sunt,</strong></span> <span class='ocrx_word' id='word_1_14' title='bbox 901 319 980 358; x_wconf 88' lang='lat' dir='ltr'><strong>duo</strong></span> <span class='ocrx_word' id='word_1_15' title='bbox 1010 323 1196 369; x_wconf 84' lang='lat' dir='ltr'><strong>connata,</strong></span> <span class='ocrx_word' id='word_1_16' title='bbox 1227 323 1292 358; x_wconf 90' lang='lat' dir='ltr'><strong>aut</strong></span> <span class='ocrx_word' id='word_1_17' title='bbox 1319 319 1446 370; x_wconf 91' lang='lat' dir='ltr'><strong>plane,</strong></span> <span class='ocrx_word' id='word_1_18' title='bbox 1476 330 1542 360; x_wconf 85' lang='lat' dir='ltr'><strong>aut</strong></span> <span class='ocrx_word' id='word_1_19' title='bbox 1569 334 1631 361; x_wconf 93' lang='lat' dir='ltr'><strong>su-</strong></span> <span class='ocrx_word' id='word_1_20' title='bbox 1672 342 1675 344; x_wconf 59' lang='lat'><strong><em>—</em></strong></span> 
     </span>
     <span class='ocr_line' id='line_1_4' title="bbox 294 395 1680 449; baseline 0.002 -16"><span class='ocrx_word' id='word_1_21' title='bbox 294 395 451 446; x_wconf 89' lang='lat' dir='ltr'><strong>periore</strong></span> <span class='ocrx_word' id='word_1_22' title='bbox 479 398 628 434; x_wconf 84' lang='lat' dir='ltr'><strong>tantum</strong></span> <span class='ocrx_word' id='word_1_23' title='bbox 656 398 777 445; x_wconf 86' lang='lat' dir='ltr'><strong>parte.</strong></span> <span class='ocrx_word' id='word_1_24' title='bbox 834 396 895 434; x_wconf 92' lang='lat' dir='ltr'><strong>De</strong></span> <span class='ocrx_word' id='word_1_25' title='bbox 931 396 1106 435; x_wconf 86' lang='lat' dir='ltr'><strong>corollae</strong></span> <span class='ocrx_word' id='word_1_26' title='bbox 1140 397 1416 447; x_wconf 85' lang='lat' dir='ltr'><strong>monopetalae</strong></span> <span class='ocrx_word' id='word_1_27' title='bbox 1454 401 1494 436; x_wconf 87' lang='lat' dir='ltr'><strong>et</strong></span> <span class='ocrx_word' id='word_1_28' title='bbox 1520 398 1633 449; x_wconf 85' lang='lat' dir='ltr'><strong>poly-</strong></span> <span class='ocrx_word' id='word_1_29' title='bbox 1675 441 1680 444; x_wconf 43' lang='lat'><strong>,</strong></span> 
     </span>
     <span class='ocr_line' id='line_1_5' title="bbox 295 470 1632 524; baseline 0.002 -14"><span class='ocrx_word' id='word_1_30' title='bbox 295 470 446 522; x_wconf 84' lang='lat' dir='ltr'><strong>petalae</strong></span> <span class='ocrx_word' id='word_1_31' title='bbox 495 471 658 511; x_wconf 89' lang='lat' dir='ltr'><strong>notione</strong></span> <span class='ocrx_word' id='word_1_32' title='bbox 707 471 821 511; x_wconf 83' lang='lat' dir='ltr'><strong>valde</strong></span> <span class='ocrx_word' id='word_1_33' title='bbox 874 473 1112 524; x_wconf 85' lang='lat' dir='ltr'><strong>disputatum</strong></span> <span class='ocrx_word' id='word_1_34' title='bbox 1166 478 1225 512; x_wconf 91' lang='lat' dir='ltr'><strong>est</strong></span> <span class='ocrx_word' id='word_1_35' title='bbox 1274 473 1375 512; x_wconf 88' lang='lat' dir='ltr'><strong>inter</strong></span> <span class='ocrx_word' id='word_1_36' title='bbox 1420 474 1632 513; x_wconf 88' lang='lat' dir='ltr'><strong>Botanicos</strong></span> 
     </span>
     <span class='ocr_line' id='line_1_6' title="bbox 294 548 1631 602; baseline 0.002 -15"><span class='ocrx_word' id='word_1_37' title='bbox 294 548 615 599; x_wconf 86' lang='lat' dir='ltr'><strong>praecedentium</strong></span> <span class='ocrx_word' id='word_1_38' title='bbox 648 548 874 588; x_wconf 85' lang='lat' dir='ltr'><strong>seculorum</strong></span> <span class='ocrx_word' id='word_1_39' title='bbox 908 551 1008 599; x_wconf 88' lang='lat' dir='ltr'><strong>(cfr.</strong></span> <span class='ocrx_word' id='word_1_40' title='bbox 1037 548 1084 590; x_wconf 89' lang='lat' dir='ltr'><strong>A.</strong></span> <span class='ocrx_word' id='word_1_41' title='bbox 1116 554 1163 602; x_wconf 82' lang='lat' dir='ltr'><strong>Q.</strong></span> <span class='ocrx_word' id='word_1_42' title='bbox 1198 550 1363 590; x_wconf 88' lang='lat' dir='ltr'><strong>Rivini</strong></span> <span class='ocrx_word' id='word_1_43' title='bbox 1403 551 1631 590; x_wconf 87' lang='lat' dir='ltr'><strong>Introdu-</strong></span> 
     </span>
     <span class='ocr_line' id='line_1_7' title="bbox 297 613 1682 678; baseline 0.001 -14"><span class='ocrx_word' id='word_1_44' title='bbox 297 625 397 665; x_wconf 90' lang='lat' dir='ltr'><strong>ctio</strong></span> <span class='ocrx_word' id='word_1_45' title='bbox 426 626 475 665; x_wconf 92' lang='lat' dir='ltr'><strong>in</strong></span> <span class='ocrx_word' id='word_1_46' title='bbox 504 638 602 664; x_wconf 88' lang='lat' dir='ltr'><strong>rem</strong></span> <span class='ocrx_word' id='word_1_47' title='bbox 630 625 907 665; x_wconf 85' lang='lat' dir='ltr'><strong>herbariam</strong></span> <span class='ocrx_word' id='word_1_48' title='bbox 936 627 1002 666; x_wconf 89' lang='lat' dir='ltr'><strong>ed.</strong></span> <span class='ocrx_word' id='word_1_49' title='bbox 1033 627 1070 667; x_wconf 91' lang='lat'><strong>3.</strong></span> <span class='ocrx_word' id='word_1_50' title='bbox 1097 627 1201 678; x_wconf 91' lang='lat' dir='ltr'><strong>Lips.</strong></span> <span class='ocrx_word' id='word_1_51' title='bbox 1232 626 1372 675; x_wconf 81' lang='lat'>1720.)</span> <span class='ocrx_word' id='word_1_52' title='bbox 1401 631 1440 666; x_wconf 89' lang='lat' dir='ltr'><strong>et</strong></span> <span class='ocrx_word' id='word_1_53' title='bbox 1467 640 1549 666; x_wconf 92' lang='lat' dir='ltr'><strong>non</strong></span> <span class='ocrx_word' id='word_1_54' title='bbox 1577 627 1632 666; x_wconf 87' lang='lat' dir='ltr'><strong>fa·</strong></span> <span class='ocrx_word' id='word_1_55' title='bbox 1672 613 1682 639; x_wconf 46' lang='lat' dir='ltr'><strong><em>s</em></strong></span> 
     </span>
     <span class='ocr_line' id='line_1_8' title="bbox 296 701 1682 756; baseline 0.002 -16"><span class='ocrx_word' id='word_1_56' title='bbox 296 701 370 741; x_wconf 89' lang='lat' dir='ltr'><strong>cile</strong></span> <span class='ocrx_word' id='word_1_57' title='bbox 399 702 709 754; x_wconf 86' lang='lat' dir='ltr'><strong>distinguuntur,</strong></span> <span class='ocrx_word' id='word_1_58' title='bbox 737 702 814 741; x_wconf 89' lang='lat' dir='ltr'><strong>nisi</strong></span> <span class='ocrx_word' id='word_1_59' title='bbox 842 703 995 743; x_wconf 87' lang='lat' dir='ltr'><strong>corolla</strong></span> <span class='ocrx_word' id='word_1_60' title='bbox 1023 704 1238 743; x_wconf 83' lang='lat' dir='ltr'>delabente.</span> <span class='ocrx_word' id='word_1_61' title='bbox 1293 704 1342 742; x_wconf 86' lang='lat' dir='ltr'><strong>Et</strong></span> <span class='ocrx_word' id='word_1_62' title='bbox 1369 704 1406 742; x_wconf 91' lang='lat' dir='ltr'><strong>iu</strong></span> <span class='ocrx_word' id='word_1_63' title='bbox 1433 704 1631 756; x_wconf 87' lang='lat' dir='ltr'><strong>plerisque</strong></span> <span class='ocrx_word' id='word_1_64' title='bbox 1670 717 1682 739; x_wconf 53' lang='lat' dir='ltr'><strong>i</strong></span> 
     </span>
     <span class='ocr_line' id='line_1_9' title="bbox 294 766 1682 835; baseline 0.002 -18"><span class='ocrx_word' id='word_1_65' title='bbox 294 779 447 818; x_wconf 82' lang='lat' dir='ltr'>casibus</span> <span class='ocrx_word' id='word_1_66' title='bbox 475 792 557 818; x_wconf 92' lang='lat' dir='ltr'><strong>non</strong></span> <span class='ocrx_word' id='word_1_67' title='bbox 584 780 723 829; x_wconf 85' lang='lat' dir='ltr'><strong>refert,</strong></span> <span class='ocrx_word' id='word_1_68' title='bbox 752 792 801 818; x_wconf 88' lang='lat' dir='ltr'><strong>an</strong></span> <span class='ocrx_word' id='word_1_69' title='bbox 826 779 1114 831; x_wconf 86' lang='lat' dir='ltr'><strong>monopetalam</strong></span> <span class='ocrx_word' id='word_1_70' title='bbox 1144 781 1250 820; x_wconf 85' lang='lat' dir='ltr'><strong>dicas</strong></span> <span class='ocrx_word' id='word_1_71' title='bbox 1279 794 1327 819; x_wconf 89' lang='lat' dir='ltr'><strong>an</strong></span> <span class='ocrx_word' id='word_1_72' title='bbox 1355 781 1631 832; x_wconf 85' lang='lat' dir='ltr'><strong>polypetalam,</strong></span> <span class='ocrx_word' id='word_1_73' title='bbox 1674 766 1682 835; x_wconf 62' lang='grc' dir='ltr'>Ξ</span> 
     </span>
     <span class='ocr_line' id='line_1_10' title="bbox 293 855 1682 908; baseline 0.001 -14"><span class='ocrx_word' id='word_1_74' title='bbox 293 856 327 894; x_wconf 84' lang='lat' dir='ltr'><strong>si</strong></span> <span class='ocrx_word' id='word_1_75' title='bbox 354 855 505 895; x_wconf 86' lang='lat' dir='ltr'><strong>scilicet</strong></span> <span class='ocrx_word' id='word_1_76' title='bbox 531 856 631 895; x_wconf 89' lang='lat' dir='ltr'><strong>levis</strong></span> <span class='ocrx_word' id='word_1_77' title='bbox 660 860 720 896; x_wconf 86' lang='lat' dir='ltr'><strong>est</strong></span> <span class='ocrx_word' id='word_1_78' title='bbox 745 856 967 908; x_wconf 89' lang='lat' dir='ltr'><strong>petalorum</strong></span> <span class='ocrx_word' id='word_1_79' title='bbox 997 858 1264 906; x_wconf 78' lang='lat' dir='ltr'><strong>cohaerentia,</strong></span> <span class='ocrx_word' id='word_1_80' title='bbox 1302 871 1390 896; x_wconf 86' lang='lat' dir='ltr'><strong>uam</strong></span> <span class='ocrx_word' id='word_1_81' title='bbox 1420 858 1459 896; x_wconf 91' lang='lat' dir='ltr'><strong>in</strong></span> <span class='ocrx_word' id='word_1_82' title='bbox 1487 858 1631 908; x_wconf 89' lang='lat' dir='ltr'><strong>plantis</strong></span> <span class='ocrx_word' id='word_1_83' title='bbox 1675 890 1682 907; x_wconf 77' lang='lat'><strong><em>;</em></strong></span> 
     </span>
     <span class='ocr_line' id='line_1_11' title="bbox 292 932 1679 985; baseline 0.001 -14"><span class='ocrx_word' id='word_1_84' title='bbox 292 933 407 972; x_wconf 85' lang='lat' dir='ltr'><strong>valde</strong></span> <span class='ocrx_word' id='word_1_85' title='bbox 435 932 618 972; x_wconf 82' lang='lat' dir='ltr'><strong>affinibus</strong></span> <span class='ocrx_word' id='word_1_86' title='bbox 647 933 833 972; x_wconf 87' lang='lat' dir='ltr'><strong>habemus</strong></span> <span class='ocrx_word' id='word_1_87' title='bbox 862 934 1053 973; x_wconf 87' lang='lat' dir='ltr'><strong>corollam</strong></span> <span class='ocrx_word' id='word_1_88' title='bbox 1081 934 1371 985; x_wconf 89' lang='lat' dir='ltr'><strong>monopetalam</strong></span> <span class='ocrx_word' id='word_1_89' title='bbox 1401 938 1439 973; x_wconf 87' lang='lat' dir='ltr'><strong>et</strong></span> <span class='ocrx_word' id='word_1_90' title='bbox 1467 934 1631 985; x_wconf 91' lang='lat' dir='ltr'><strong>polype-</strong></span> <span class='ocrx_word' id='word_1_91' title='bbox 1674 954 1679 981; x_wconf 74' lang='lat' dir='ltr'>j</span> 
     </span>
     <span class='ocr_line' id='line_1_12' title="bbox 294 1009 1682 1062; baseline 0 -14"><span class='ocrx_word' id='word_1_92' title='bbox 294 1009 432 1058; x_wconf 84' lang='lat' dir='ltr'><strong>talam,</strong></span> <span class='ocrx_word' id='word_1_93' title='bbox 459 1014 503 1048; x_wconf 89' lang='lat' dir='ltr'><strong>ut</strong></span> <span class='ocrx_word' id='word_1_94' title='bbox 531 1009 573 1048; x_wconf 89' lang='lat' dir='ltr'><strong>in</strong></span> <span class='ocrx_word' id='word_1_95' title='bbox 602 1009 788 1049; x_wconf 86' lang='lat' dir='ltr'><strong>Trifoliis.</strong></span> <span class='ocrx_word' id='word_1_96' title='bbox 845 1010 1018 1049; x_wconf 86' lang='lat' dir='ltr'><strong>Pessime</strong></span> <span class='ocrx_word' id='word_1_97' title='bbox 1044 1023 1140 1050; x_wconf 85' lang='lat' dir='ltr'><strong>vero</strong></span> <span class='ocrx_word' id='word_1_98' title='bbox 1168 1011 1209 1048; x_wconf 88' lang='lat' dir='ltr'><strong>in</strong></span> <span class='ocrx_word' id='word_1_99' title='bbox 1239 1011 1414 1049; x_wconf 86' lang='lat' dir='ltr'><strong>favorem</strong></span> <span class='ocrx_word' id='word_1_100' title='bbox 1442 1015 1630 1062; x_wconf 79' lang='lat' dir='ltr'><strong>systema·</strong></span> <span class='ocrx_word' id='word_1_101' title='bbox 1679 1015 1682 1048; x_wconf 68' lang='lat' dir='ltr'>j</span> 
     </span>
     <span class='ocr_line' id='line_1_13' title="bbox 292 1084 1625 1139; baseline 0.001 -14"><span class='ocrx_word' id='word_1_102' title='bbox 292 1086 341 1125; x_wconf 87' lang='lat' dir='ltr'><strong>tis</strong></span> <span class='ocrx_word' id='word_1_103' title='bbox 376 1084 476 1125; x_wconf 84' lang='lat' dir='ltr'><strong>aliae</strong></span> <span class='ocrx_word' id='word_1_104' title='bbox 512 1085 689 1124; x_wconf 85' lang='lat' dir='ltr'><strong>corollae</strong></span> <span class='ocrx_word' id='word_1_105' title='bbox 713 1085 988 1137; x_wconf 85' lang='lat' dir='ltr'><strong>monopetalae</strong></span> <span class='ocrx_word' id='word_1_106' title='bbox 1017 1086 1219 1135; x_wconf 87' lang='lat' dir='ltr'><strong>dicuntur,</strong></span> <span class='ocrx_word' id='word_1_107' title='bbox 1249 1086 1346 1126; x_wconf 87' lang='lat' dir='ltr'><strong>aliae</strong></span> <span class='ocrx_word' id='word_1_108' title='bbox 1378 1088 1625 1139; x_wconf 85' lang='lat' dir='ltr'><strong>polypetalae</strong></span> 
     </span>
     <span class='ocr_line' id='line_1_14' title="bbox 292 1162 1627 1215; baseline 0.001 -14"><span class='ocrx_word' id='word_1_109' title='bbox 292 1162 432 1213; x_wconf 87' lang='lat' dir='ltr'><strong>petalis</strong></span> <span class='ocrx_word' id='word_1_110' title='bbox 462 1163 652 1211; x_wconf 85' lang='lat' dir='ltr'><strong>connatis,</strong></span> <span class='ocrx_word' id='word_1_111' title='bbox 682 1175 774 1202; x_wconf 92' lang='lat' dir='ltr'><strong>nam</strong></span> <span class='ocrx_word' id='word_1_112' title='bbox 801 1163 905 1202; x_wconf 90' lang='lat' dir='ltr'><strong>inter</strong></span> <span class='ocrx_word' id='word_1_113' title='bbox 932 1166 1118 1215; x_wconf 86' lang='lat' dir='ltr'><strong>utrasque</strong></span> <span class='ocrx_word' id='word_1_114' title='bbox 1145 1177 1284 1203; x_wconf 85' lang='lat' dir='ltr'><strong>verum</strong></span> <span class='ocrx_word' id='word_1_115' title='bbox 1311 1164 1519 1203; x_wconf 86' lang='lat' dir='ltr'><strong>discrimen</strong></span> <span class='ocrx_word' id='word_1_116' title='bbox 1546 1176 1627 1202; x_wconf 93' lang='lat' dir='ltr'><strong>non</strong></span> 
     </span>
     <span class='ocr_line' id='line_1_15' title="bbox 292 1238 1632 1291; baseline 0 -13"><span class='ocrx_word' id='word_1_117' title='bbox 292 1243 363 1278; x_wconf 87' lang='lat' dir='ltr'><strong>est.</strong></span> <span class='ocrx_word' id='word_1_118' title='bbox 421 1238 559 1278; x_wconf 87' lang='lat' dir='ltr'><strong>Omnis</strong></span> <span class='ocrx_word' id='word_1_119' title='bbox 596 1239 698 1278; x_wconf 89' lang='lat' dir='ltr'><strong>enim</strong></span> <span class='ocrx_word' id='word_1_120' title='bbox 735 1239 888 1279; x_wconf 88' lang='lat' dir='ltr'><strong>corolla</strong></span> <span class='ocrx_word' id='word_1_121' title='bbox 924 1241 1141 1279; x_wconf 90' lang='lat' dir='ltr'><strong>secundum</strong></span> <span class='ocrx_word' id='word_1_122' title='bbox 1179 1240 1368 1291; x_wconf 84' lang='lat' dir='ltr'><strong>originem</strong></span> <span class='ocrx_word' id='word_1_123' title='bbox 1403 1239 1632 1291; x_wconf 86' lang='lat' dir='ltr'><strong>polypetala</strong></span> 
     </span>
     <span class='ocr_line' id='line_1_16' title="bbox 291 1315 1679 1368; baseline -0.001 -12"><span class='ocrx_word' id='word_1_124' title='bbox 291 1320 369 1365; x_wconf 89' lang='lat' dir='ltr'><strong>est,</strong></span> <span class='ocrx_word' id='word_1_125' title='bbox 397 1319 535 1367; x_wconf 88' lang='lat' dir='ltr'><strong>utpote</strong></span> <span class='ocrx_word' id='word_1_126' title='bbox 564 1328 585 1355; x_wconf 92' lang='lat' dir='ltr'><strong>e</strong></span> <span class='ocrx_word' id='word_1_127' title='bbox 612 1315 792 1367; x_wconf 90' lang='lat' dir='ltr'><strong>pluribus</strong></span> <span class='ocrx_word' id='word_1_128' title='bbox 820 1316 926 1356; x_wconf 90' lang='lat' dir='ltr'><strong>foliis</strong></span> <span class='ocrx_word' id='word_1_129' title='bbox 955 1317 1143 1368; x_wconf 85' lang='lat' dir='ltr'><strong>separatis</strong></span> <span class='ocrx_word' id='word_1_130' title='bbox 1171 1317 1410 1368; x_wconf 82' lang='lat' dir='ltr'><strong>composita,</strong></span> <span class='ocrx_word' id='word_1_131' title='bbox 1445 1329 1545 1368; x_wconf 90' lang='lat' dir='ltr'><strong>quae</strong></span> <span class='ocrx_word' id='word_1_132' title='bbox 1573 1315 1631 1354; x_wconf 90' lang='lat' dir='ltr'><strong>in-</strong></span> <span class='ocrx_word' id='word_1_133' title='bbox 1678 1319 1679 1322; x_wconf 75' lang='grc'>’</span> 
     </span>
     <span class='ocr_line' id='line_1_17' title="bbox 289 1392 1632 1444; baseline -0.001 -11"><span class='ocrx_word' id='word_1_134' title='bbox 289 1394 444 1434; x_wconf 86' lang='lat' dir='ltr'><strong>terdum</strong></span> <span class='ocrx_word' id='word_1_135' title='bbox 470 1395 622 1432; x_wconf 82' lang='lat' dir='ltr'><strong>tantum</strong></span> <span class='ocrx_word' id='word_1_136' title='bbox 649 1393 896 1443; x_wconf 87' lang='lat' dir='ltr'><strong>coalescunt,</strong></span> <span class='ocrx_word' id='word_1_137' title='bbox 937 1407 1011 1433; x_wconf 90' lang='lat' dir='ltr'><strong>nec</strong></span> <span class='ocrx_word' id='word_1_138' title='bbox 1041 1394 1128 1433; x_wconf 89' lang='lat' dir='ltr'><strong>vice</strong></span> <span class='ocrx_word' id='word_1_139' title='bbox 1163 1406 1277 1433; x_wconf 88' lang='lat' dir='ltr'><strong>versa</strong></span> <span class='ocrx_word' id='word_1_140' title='bbox 1311 1392 1538 1444; x_wconf 87' lang='lat' dir='ltr'><strong>polypetala</strong></span> <span class='ocrx_word' id='word_1_141' title='bbox 1567 1404 1632 1431; x_wconf 88' lang='lat' dir='ltr'><strong>co-</strong></span> 
     </span>
     <span class='ocr_line' id='line_1_18' title="bbox 288 1468 1630 1521; baseline -0.001 -11"><span class='ocrx_word' id='word_1_142' title='bbox 288 1469 391 1510; x_wconf 88' lang='lat' dir='ltr'><strong>rolla</strong></span> <span class='ocrx_word' id='word_1_143' title='bbox 426 1482 448 1509; x_wconf 90' lang='lat' dir='ltr'><strong>e</strong></span> <span class='ocrx_word' id='word_1_144' title='bbox 484 1469 737 1521; x_wconf 81' lang='lat' dir='ltr'><strong>monopetala</strong></span> <span class='ocrx_word' id='word_1_145' title='bbox 766 1470 910 1519; x_wconf 90' lang='lat' dir='ltr'><strong>oritur,</strong></span> <span class='ocrx_word' id='word_1_146' title='bbox 952 1471 1011 1510; x_wconf 90' lang='lat' dir='ltr'><strong>uti</strong></span> <span class='ocrx_word' id='word_1_147' title='bbox 1044 1468 1184 1510; x_wconf 91' lang='lat' dir='ltr'><strong>volunt</strong></span> <span class='ocrx_word' id='word_1_148' title='bbox 1220 1471 1474 1521; x_wconf 87' lang='lat' dir='ltr'><strong>Turpinus</strong></span> <span class='ocrx_word' id='word_1_149' title='bbox 1503 1471 1630 1521; x_wconf 88' lang='lat' dir='ltr'><strong>(Ico-</strong></span> 
     </span>
     <span class='ocr_line' id='line_1_19' title="bbox 288 1542 1628 1599; baseline -0.001 -12"><span class='ocrx_word' id='word_1_150' title='bbox 288 1560 423 1599; x_wconf 89' lang='lat' dir='ltr'><strong>nogr.</strong></span> <span class='ocrx_word' id='word_1_151' title='bbox 451 1542 611 1597; x_wconf 60' lang='lat' dir='ltr'><strong>veget.</strong></span> <span class='ocrx_word' id='word_1_152' title='bbox 641 1545 707 1588; x_wconf 88' lang='grc'><strong>18.</strong></span> <span class='ocrx_word' id='word_1_153' title='bbox 735 1547 891 1597; x_wconf 88' lang='lat' dir='ltr'><strong>note),</strong></span> <span class='ocrx_word' id='word_1_154' title='bbox 926 1547 1136 1599; x_wconf 90' lang='lat' dir='ltr'><strong>Moquin</strong></span> <span class='ocrx_word' id='word_1_155' title='bbox 1165 1548 1370 1588; x_wconf 87' lang='lat' dir='ltr'><strong>Tendon</strong></span> <span class='ocrx_word' id='word_1_156' title='bbox 1414 1546 1628 1598; x_wconf 73' lang='lat' dir='ltr'><strong>(Ann.‘d.</strong></span> 
     </span>
     <span class='ocr_line' id='line_1_20' title="bbox 290 1622 719 1673; baseline -0.005 -8"><span class='ocrx_word' id='word_1_157' title='bbox 290 1638 352 1665; x_wconf 89' lang='lat' dir='ltr'><strong>sc.</strong></span> <span class='ocrx_word' id='word_1_158' title='bbox 382 1628 478 1664; x_wconf 86' lang='lat' dir='ltr'><strong>nat.</strong></span> <span class='ocrx_word' id='word_1_159' title='bbox 507 1623 572 1664; x_wconf 84' lang='lat'><strong>27.</strong></span> <span class='ocrx_word' id='word_1_160' title='bbox 594 1622 719 1673; x_wconf 64' lang='lat'>231.)</span> 
     </span>
    </p>

    <p class='ocr_par' dir='ltr' id='par_1_3' title="bbox 280 1697 1682 2522">
     <span class='ocr_line' id='line_1_21' title="bbox 397 1697 1680 1752; baseline -0.002 -12"><span class='ocrx_word' id='word_1_161' title='bbox 397 1700 563 1740; x_wconf 88' lang='lat' dir='ltr'><strong>Corolla</strong></span> <span class='ocrx_word' id='word_1_162' title='bbox 605 1700 858 1752; x_wconf 80' lang='lat' dir='ltr'><strong>monopetala</strong></span> <span class='ocrx_word' id='word_1_163' title='bbox 911 1700 1095 1739; x_wconf 87' lang='lat' dir='ltr'><strong>dividitur</strong></span> <span class='ocrx_word' id='word_1_164' title='bbox 1141 1702 1180 1739; x_wconf 91' lang='lat' dir='ltr'><strong>in</strong></span> <span class='ocrx_word' id='word_1_165' title='bbox 1229 1701 1409 1740; x_wconf 68' lang='lat' dir='ltr'><strong>tubum,</strong></span> <span class='ocrx_word' id='word_1_166' title='bbox 1447 1706 1485 1740; x_wconf 91' lang='lat' dir='ltr'><strong>et</strong></span> <span class='ocrx_word' id='word_1_167' title='bbox 1527 1700 1628 1739; x_wconf 84' lang='lat' dir='ltr'><strong>lim·</strong></span> <span class='ocrx_word' id='word_1_168' title='bbox 1670 1697 1680 1707; x_wconf 48' lang='lat'><strong>⁴*</strong></span> 
     </span>
     <span class='ocr_line' id='line_1_22' title="bbox 286 1777 1680 1829; baseline -0.002 -11"><span class='ocrx_word' id='word_1_169' title='bbox 286 1779 416 1827; x_wconf 87' lang='lat' dir='ltr'><strong>bum,</strong></span> <span class='ocrx_word' id='word_1_170' title='bbox 476 1778 525 1816; x_wconf 86' lang='lat' dir='ltr'><strong>ad</strong></span> <span class='ocrx_word' id='word_1_171' title='bbox 581 1778 776 1817; x_wconf 82' lang='lat' dir='ltr'><strong>faucem</strong></span> <span class='ocrx_word' id='word_1_172' title='bbox 819 1780 995 1816; x_wconf 86' lang='lat' dir='ltr'><strong>connata.</strong></span> <span class='ocrx_word' id='word_1_173' title='bbox 1065 1777 1207 1816; x_wconf 82' lang='lat' dir='ltr'><strong>Rarius</strong></span> <span class='ocrx_word' id='word_1_174' title='bbox 1253 1778 1426 1829; x_wconf 81' lang='lat' dir='ltr'><strong>margine</strong></span> <span class='ocrx_word' id='word_1_175' title='bbox 1473 1789 1626 1816; x_wconf 87' lang='lat' dir='ltr'><strong>summo</strong></span> <span class='ocrx_word' id='word_1_176' title='bbox 1671 1818 1680 1826; x_wconf 52' lang='lat'><strong>,</strong></span> 
     </span>
     <span class='ocr_line' id='line_1_23' title="bbox 287 1853 1628 1906; baseline -0.001 -12"><span class='ocrx_word' id='word_1_177' title='bbox 287 1856 490 1906; x_wconf 88' lang='lat' dir='ltr'><strong>integra</strong></span> <span class='ocrx_word' id='word_1_178' title='bbox 518 1857 594 1903; x_wconf 82' lang='lat' dir='ltr'><strong>est,</strong></span> <span class='ocrx_word' id='word_1_179' title='bbox 643 1853 869 1905; x_wconf 84' lang='lat' dir='ltr'><strong>saepissime</strong></span> <span class='ocrx_word' id='word_1_180' title='bbox 906 1853 1027 1892; x_wconf 89' lang='lat' dir='ltr'><strong>incisa</strong></span> <span class='ocrx_word' id='word_1_181' title='bbox 1055 1853 1095 1892; x_wconf 92' lang='lat' dir='ltr'><strong>i11</strong></span> <span class='ocrx_word' id='word_1_182' title='bbox 1123 1853 1230 1892; x_wconf 83' lang='lat' dir='ltr'><strong>varia</strong></span> <span class='ocrx_word' id='word_1_183' title='bbox 1267 1858 1546 1904; x_wconf 86' lang='lat' dir='ltr'><strong>segmenta,</strong></span> <span class='ocrx_word' id='word_1_184' title='bbox 1590 1857 1628 1892; x_wconf 88' lang='lat' dir='ltr'><strong>et</strong></span> 
     </span>
     <span class='ocr_line' id='line_1_24' title="bbox 287 1914 1682 1985; baseline -0.003 -14"><span class='ocrx_word' id='word_1_185' title='bbox 287 1932 466 1985; x_wconf 91' lang='lat' dir='ltr'><strong>quidem,</strong></span> <span class='ocrx_word' id='word_1_186' title='bbox 501 1930 535 1969; x_wconf 90' lang='lat' dir='ltr'><strong>si</strong></span> <span class='ocrx_word' id='word_1_187' title='bbox 570 1930 699 1970; x_wconf 84' lang='lat' dir='ltr'><strong>levior</strong></span> <span class='ocrx_word' id='word_1_188' title='bbox 726 1930 846 1970; x_wconf 82' lang='lat' dir='ltr'><strong>fuerit</strong></span> <span class='ocrx_word' id='word_1_189' title='bbox 873 1930 1098 1982; x_wconf 90' lang='lat' dir='ltr'><strong>phyllorum</strong></span> <span class='ocrx_word' id='word_1_190' title='bbox 1133 1930 1329 1982; x_wconf 84' lang='lat' dir='ltr'><strong>separatio</strong></span> <span class='ocrx_word' id='word_1_191' title='bbox 1367 1931 1407 1968; x_wconf 92' lang='lat' dir='ltr'><strong>in</strong></span> <span class='ocrx_word' id='word_1_192' title='bbox 1440 1931 1624 1977; x_wconf 84' lang='lat' dir='ltr'><strong>dentes,</strong></span> <span class='ocrx_word' id='word_1_193' title='bbox 1674 1914 1682 1935; x_wconf 53' lang='lat'><em>⁴</em></span> 
     </span>
     <span class='ocr_line' id='line_1_25' title="bbox 287 2006 1682 2059; baseline -0.002 -11"><span class='ocrx_word' id='word_1_194' title='bbox 287 2022 386 2048; x_wconf 86' lang='lat' dir='ltr'><strong>cor.</strong></span> <span class='ocrx_word' id='word_1_195' title='bbox 414 2007 755 2047; x_wconf 86' lang='lat' dir='ltr'><strong>bi-multifida</strong></span> <span class='ocrx_word' id='word_1_196' title='bbox 781 2006 943 2056; x_wconf 90' lang='lat' dir='ltr'><strong>dicitur,</strong></span> <span class='ocrx_word' id='word_1_197' title='bbox 986 2007 1020 2047; x_wconf 92' lang='lat' dir='ltr'><strong>si</strong></span> <span class='ocrx_word' id='word_1_198' title='bbox 1053 2007 1288 2059; x_wconf 89' lang='lat' dir='ltr'><strong>profundior</strong></span> <span class='ocrx_word' id='word_1_199' title='bbox 1323 2007 1364 2046; x_wconf 92' lang='lat' dir='ltr'><strong>in</strong></span> <span class='ocrx_word' id='word_1_200' title='bbox 1397 2006 1625 2056; x_wconf 86' lang='lat' dir='ltr'><strong>lacinias,</strong></span> <span class='ocrx_word' id='word_1_201' title='bbox 1674 2036 1682 2051; x_wconf 67' lang='grc'><em>,</em></span> 
     </span>
     <span class='ocr_line' id='line_1_26' title="bbox 285 2083 1682 2136; baseline -0.002 -11"><span class='ocrx_word' id='word_1_202' title='bbox 285 2098 380 2125; x_wconf 88' lang='lat' dir='ltr'><strong>cor.</strong></span> <span class='ocrx_word' id='word_1_203' title='bbox 416 2083 838 2136; x_wconf 85' lang='lat' dir='ltr'><strong>bi-multipartita</strong></span> <span class='ocrx_word' id='word_1_204' title='bbox 872 2089 1047 2124; x_wconf 84' lang='lat' dir='ltr'><strong>vocatur.</strong></span> <span class='ocrx_word' id='word_1_205' title='bbox 1104 2085 1238 2124; x_wconf 89' lang='lat' dir='ltr'><strong>Petala</strong></span> <span class='ocrx_word' id='word_1_206' title='bbox 1265 2084 1419 2135; x_wconf 86' lang='lat' dir='ltr'><strong>singula</strong></span> <span class='ocrx_word' id='word_1_207' title='bbox 1450 2083 1625 2122; x_wconf 85' lang='lat' dir='ltr'><strong>corollae</strong></span> <span class='ocrx_word' id='word_1_208' title='bbox 1680 2115 1682 2117; x_wconf 94' lang='lat'>.</span> 
     </span>
     <span class='ocr_line' id='line_1_27' title="bbox 283 2160 1682 2215; baseline -0.002 -14"><span class='ocrx_word' id='word_1_209' title='bbox 283 2161 535 2214; x_wconf 86' lang='lat' dir='ltr'><strong>polypetalae</strong></span> <span class='ocrx_word' id='word_1_210' title='bbox 580 2160 723 2202; x_wconf 83' lang='lat' dir='ltr'><strong>habent</strong></span> <span class='ocrx_word' id='word_1_211' title='bbox 765 2166 918 2213; x_wconf 84' lang='lat' dir='ltr'><strong>partem</strong></span> <span class='ocrx_word' id='word_1_212' title='bbox 959 2162 1202 2213; x_wconf 88' lang='lat' dir='ltr'><strong>superiorem</strong></span> <span class='ocrx_word' id='word_1_213' title='bbox 1252 2161 1375 2212; x_wconf 85' lang='lat' dir='ltr'><strong>magis</strong></span> <span class='ocrx_word' id='word_1_214' title='bbox 1418 2161 1625 2208; x_wconf 83' lang='lat' dir='ltr'><strong>dilatatam,</strong></span> <span class='ocrx_word' id='word_1_215' title='bbox 1671 2204 1682 2215; x_wconf 21' lang='grc' dir='ltr'>ὃ</span> 
     </span>
     <span class='ocr_line' id='line_1_28' title="bbox 283 2237 1682 2293; baseline -0.002 -15"><span class='ocrx_word' id='word_1_216' title='bbox 283 2252 400 2292; x_wconf 87' lang='lat' dir='ltr'><strong>quam</strong></span> <span class='ocrx_word' id='word_1_217' title='bbox 427 2237 660 2277; x_wconf 90' lang='lat' dir='ltr'><strong>laminam</strong></span> <span class='ocrx_word' id='word_1_218' title='bbox 687 2251 873 2278; x_wconf 85' lang='lat' dir='ltr'><strong>vocamus</strong></span> <span class='ocrx_word' id='word_1_219' title='bbox 902 2242 940 2278; x_wconf 88' lang='lat' dir='ltr'><strong>et</strong></span> <span class='ocrx_word' id='word_1_220' title='bbox 966 2243 1119 2290; x_wconf 86' lang='lat' dir='ltr'><strong>partem</strong></span> <span class='ocrx_word' id='word_1_221' title='bbox 1142 2239 1370 2278; x_wconf 89' lang='lat' dir='ltr'><strong>inferiorem</strong></span> <span class='ocrx_word' id='word_1_222' title='bbox 1387 2241 1628 2289; x_wconf 84' lang='lat' dir='ltr'><strong>angustatam</strong></span> <span class='ocrx_word' id='word_1_223' title='bbox 1672 2280 1682 2293; x_wconf 22' lang='grc' dir='ltr'><em>ᾧ</em></span> 
     </span>
     <span class='ocr_line' id='line_1_29' title="bbox 283 2313 1626 2369; baseline -0.002 -14"><span class='ocrx_word' id='word_1_224' title='bbox 283 2329 400 2369; x_wconf 81' lang='lat' dir='ltr'><strong>quam</strong></span> <span class='ocrx_word' id='word_1_225' title='bbox 434 2328 660 2367; x_wconf 86' lang='lat' dir='ltr'><strong>unguem.</strong></span> <span class='ocrx_word' id='word_1_226' title='bbox 723 2315 922 2354; x_wconf 88' lang='lat' dir='ltr'><strong>Interdum</strong></span> <span class='ocrx_word' id='word_1_227' title='bbox 967 2316 1109 2367; x_wconf 85' lang='lat' dir='ltr'><strong>unguis</strong></span> <span class='ocrx_word' id='word_1_228' title='bbox 1152 2316 1299 2364; x_wconf 87' lang='lat' dir='ltr'><strong>deficit,</strong></span> <span class='ocrx_word' id='word_1_229' title='bbox 1356 2327 1455 2367; x_wconf 87' lang='lat' dir='ltr'><strong>quae</strong></span> <span class='ocrx_word' id='word_1_230' title='bbox 1497 2313 1626 2365; x_wconf 84' lang='lat' dir='ltr'><strong>petala</strong></span> 
     </span>
     <span class='ocr_line' id='line_1_30' title="bbox 283 2392 1626 2443; baseline -0.003 -11"><span class='ocrx_word' id='word_1_231' title='bbox 283 2392 681 2443; x_wconf 84' lang='lat' dir='ltr'><strong>exunguiculata</strong></span> <span class='ocrx_word' id='word_1_232' title='bbox 708 2392 908 2442; x_wconf 88' lang='lat' dir='ltr'><strong>dicuntur,</strong></span> <span class='ocrx_word' id='word_1_233' title='bbox 949 2393 1146 2432; x_wconf 88' lang='lat' dir='ltr'><strong>interdum</strong></span> <span class='ocrx_word' id='word_1_234' title='bbox 1178 2392 1349 2443; x_wconf 87' lang='lat' dir='ltr'><strong>elongati</strong></span> <span class='ocrx_word' id='word_1_235' title='bbox 1375 2395 1466 2430; x_wconf 84' lang='lat' dir='ltr'><strong>sunt</strong></span> <span class='ocrx_word' id='word_1_236' title='bbox 1495 2395 1534 2430; x_wconf 87' lang='lat' dir='ltr'><strong>et</strong></span> <span class='ocrx_word' id='word_1_237' title='bbox 1565 2394 1626 2429; x_wconf 89' lang='lat' dir='ltr'><strong>tu-</strong></span> 
     </span>
     <span class='ocr_line' id='line_1_31' title="bbox 280 2468 1473 2522; baseline -0.003 -12"><span class='ocrx_word' id='word_1_238' title='bbox 280 2470 374 2510; x_wconf 88' lang='lat' dir='ltr'><strong>bum</strong></span> <span class='ocrx_word' id='word_1_239' title='bbox 401 2468 514 2522; x_wconf 89' lang='lat' dir='ltr'><strong>quasi</strong></span> <span class='ocrx_word' id='word_1_240' title='bbox 541 2469 722 2518; x_wconf 82' lang='lat' dir='ltr'><strong>formant,</strong></span> <span class='ocrx_word' id='word_1_241' title='bbox 751 2468 904 2508; x_wconf 88' lang='lat' dir='ltr'><strong>laminis</strong></span> <span class='ocrx_word' id='word_1_242' title='bbox 931 2469 1093 2508; x_wconf 91' lang='lat' dir='ltr'><strong>limbum</strong></span> <span class='ocrx_word' id='word_1_243' title='bbox 1122 2468 1473 2509; x_wconf 54' lang='lat' dir='ltr'><strong>constituentibusf</strong></span> 
     </span>
    </p>

    <p class='ocr_par' dir='ltr' id='par_1_4' title="bbox 278 2543 1621 2674">
     <span class='ocr_line' id='line_1_32' title="bbox 386 2543 1621 2598; baseline -0.004 -13"><span class='ocrx_word' id='word_1_244' title='bbox 386 2546 448 2585; x_wconf 93' lang='lat' dir='ltr'><strong>De</strong></span> <span class='ocrx_word' id='word_1_245' title='bbox 476 2545 639 2585; x_wconf 89' lang='lat' dir='ltr'><strong>notione</strong></span> <span class='ocrx_word' id='word_1_246' title='bbox 677 2546 851 2585; x_wconf 85' lang='lat' dir='ltr'><strong>corollae</strong></span> <span class='ocrx_word' id='word_1_247' title='bbox 888 2546 1080 2598; x_wconf 85' lang='lat' dir='ltr'><strong>regularis</strong></span> <span class='ocrx_word' id='word_1_248' title='bbox 1119 2558 1277 2598; x_wconf 90' lang='lat' dir='ltr'><strong>quoque</strong></span> <span class='ocrx_word' id='word_1_249' title='bbox 1306 2544 1421 2584; x_wconf 90' lang='lat' dir='ltr'><strong>valde</strong></span> <span class='ocrx_word' id='word_1_250' title='bbox 1449 2543 1621 2593; x_wconf 87' lang='lat' dir='ltr'><strong>disputa-</strong></span> 
     </span>
     <span class='ocr_line' id='line_1_33' title="bbox 278 2618 1620 2674; baseline -0.004 -12"><span class='ocrx_word' id='word_1_251' title='bbox 278 2627 370 2664; x_wconf 89' lang='lat' dir='ltr'><strong>runt</strong></span> <span class='ocrx_word' id='word_1_252' title='bbox 396 2622 576 2664; x_wconf 84' lang='lat' dir='ltr'><strong>Botanici</strong></span> <span class='ocrx_word' id='word_1_253' title='bbox 602 2621 724 2661; x_wconf 87' lang='lat' dir='ltr'><strong>seculi</strong></span> <span class='ocrx_word' id='word_1_254' title='bbox 753 2623 1027 2674; x_wconf 83' lang='lat' dir='ltr'><strong>praeterlapsi,</strong></span> <span class='ocrx_word' id='word_1_255' title='bbox 1084 2624 1132 2663; x_wconf 94' lang='lat' dir='ltr'><strong>de</strong></span> <span class='ocrx_word' id='word_1_256' title='bbox 1161 2635 1238 2674; x_wconf 89' lang='lat' dir='ltr'><strong>qua</strong></span> <span class='ocrx_word' id='word_1_257' title='bbox 1273 2635 1316 2661; x_wconf 90' lang='lat' dir='ltr'><strong>re</strong></span> <span class='ocrx_word' id='word_1_258' title='bbox 1352 2621 1421 2661; x_wconf 84' lang='lat' dir='ltr'><strong>cfr.</strong></span> <span class='ocrx_word' id='word_1_259' title='bbox 1451 2618 1620 2659; x_wconf 87' lang='lat' dir='ltr'><strong>Rivini</strong></span> 
     </span>
    </p>
   </div>
  </div>
 </body>
</html>
