1682 2938
905 132 961 174 92

269 250 379 295 sunt,
420 243 666 298 perigonium
705 243 1050 296 polyphyllum
1092 242 1373 282 constituentes
1415 246 1481 281 aut
1518 243 1600 281 basi

270 324 458 371 connata,
498 334 595 372 per.
631 321 1016 372 monophyllum.
1071 319 1317 359 Structuram
1353 319 1601 370 originariam

270 412 356 439 esse
373 397 654 450 polyphyllam,
683 402 722 437 et
745 411 767 437 e
786 410 999 437 nervorum
1015 396 1287 436 distributione
1315 400 1476 444 constat,
1505 409 1603 448 quov

269 490 357 515 rum
383 475 592 527 primarius
628 488 702 526 per
734 475 905 514 medium
939 474 1065 526 phylli
1099 474 1257 513 connati
1284 473 1457 512 decurrit
1490 477 1534 511 ut
1561 472 1602 511 in

268 552 375 593 foliis
403 556 442 591 et
467 552 618 605 phyllis
645 552 851 603 separatis3
890 552 1025 603 paucis
1052 551 1350 602 exceptionibus
1377 550 1480 589 inter
1507 562 1603 601 quas

268 628 526 669 celeberrima
553 632 613 668 est
641 627 880 668 corollarum
906 627 1175 668 tubulosarum
1191 628 1232 666 in
1256 627 1470 666 calathidiis
1487 627 1606 666 Gom-

269 706 501 758 positarum,
528 705 569 744 in
596 705 738 757 quibus
765 717 911 745 nervus
939 705 1145 756 primarius
1172 717 1246 756 per
1258 704 1467 743 interstitia
1483 704 1604 757 phyl-

267 782 400 823 lorum
427 781 610 830 decurrit,
637 794 673 821 v.
702 781 727 820 i.

377 858 630 910 Perigonium
663 857 895 912 plerumque
931 872 981 899 ex
1017 872 1097 899 uno
1140 859 1371 913 phyllorum
1407 856 1603 897 verticillo

271 939 447 985 constat,
474 947 546 991 seu
572 935 893 989 monocyclicum
923 941 999 986 est,
1034 937 1105 976 sed
1133 937 1336 990 digyrum3
1365 936 1605 975 androceum

269 1026 366 1053 vero
394 1026 542 1052 novum
569 1012 731 1065 cyclum
766 1012 940 1064 incipere
975 1013 1087 1052 solet.
1140 1014 1186 1052 In
1219 1012 1432 1065 perigoniis
1467 1025 1606 1051 mono-

270 1089 438 1141 phyllis‚
472 1089 669 1128 interdum
695 1089 836 1140 phylla
862 1089 917 1128 ita
945 1094 1223 1139 concrescunt,
1248 1095 1294 1130 ut
1321 1090 1414 1142 gyri
1441 1102 1522 1128 non
1550 1088 1605 1127 di-

271 1169 532 1217 gnoscantur,
574 1165 681 1217 quod
714 1178 811 1204 vero
848 1177 929 1204 non
955 1178 1048 1205 raro
1075 1165 1116 1204 in
1142 1166 1488 1217 praeflorescentia
1514 1165 1607 1204 faci-

270 1243 347 1282 lius
374 1242 462 1282 fieri
487 1245 631 1293 potest.
685 1242 828 1281 Rarius
854 1242 1103 1293 perigonium
1130 1242 1369 1295 dicyclicum
1397 1246 1477 1291 est,
1512 1255 1544 1280 e.
1572 1254 1607 1292 g.

271 1320 314 1359 in
338 1319 586 1359 Berberideis
615 1323 654 1359 et
681 1319 1001 1371 Menispermeis,
1046 1323 1085 1359 et
1116 1319 1315 1359 rarissime
1342 1319 1608 1373 tricyclicum‚

271 1401 316 1436 ut
342 1397 383 1436 in
410 1396 638 1448 Epimedio‚
666 1396 714 1434 de
744 1409 821 1448 qua
847 1400 977 1435 tamen
1005 1395 1184 1435 dubitare
1211 1397 1315 1436 licet.
1366 1396 1608 1435 Luxuriante

273 1486 370 1513 vero
397 1472 675 1524 anamorphosi
701 1485 784 1512 non
810 1485 902 1511 raro
930 1472 1230 1526 polycyclicum
1257 1474 1312 1513 fit.
1356 1473 1608 1525 Appendices

271 1549 503 1603 phyllorum
531 1549 726 1600 perigonii
752 1549 984 1600 praesertim
1010 1549 1258 1599 interiorum,
1295 1563 1394 1602 quae
1422 1551 1471 1589 ad
1497 1554 1610 1602 para-

272 1627 402 1679 petala
430 1631 470 1665 et
496 1627 786 1678 paracorollam
812 1626 956 1674 refero,
985 1639 1008 1665 a
1034 1627 1176 1677 phyllis
1204 1627 1361 1667 nonnisi
1387 1627 1610 1666 luxuriante

272 1704 350 1743 ista
384 1704 660 1755 anamorphosi
695 1704 997 1754 dignoscuntur,
1033 1717 1110 1755 qua
1144 1717 1233 1743 cum
1266 1703 1433 1758 phyllis,
1470 1703 1610 1757 quibus

274 1780 477 1832 appositae
505 1784 615 1830 sunt,
644 1778 762 1819 simul
789 1779 1117 1831 multiplicantur,
1147 1781 1254 1833 quod
1281 1781 1321 1820 in
1347 1781 1523 1820 nectario
1553 1781 1611 1820 sic

275 1857 383 1897 dicto
412 1870 483 1896 seu
510 1856 759 1909 paracorolla
786 1856 1062 1896 Narcissorum
1097 1870 1261 1897 cernere
1287 1858 1401 1908 licet,
1436 1871 1543 1906 nam,
1577 1857 1611 1903 si

275 1935 512 1987 appendices
539 1948 621 1974 non
648 1938 796 1983 essent,
824 1934 919 1974 novi
946 1934 1056 1987 cycli
1082 1938 1149 1974 aut
1175 1935 1269 1988 gyri
1294 1935 1526 1988 phyllorum
1553 1935 1611 1975 in-

275 2016 336 2051 ter
376 2011 666 2063 paracorollam
708 2015 747 2050 et
791 2011 931 2065 phylla
973 2012 1171 2051 exteriora
1210 2012 1430 2063 interpositi
1466 2012 1612 2051 inveni-

276 2093 423 2128 rentur.

383 2165 548 2214 Modus,
589 2178 668 2218 quo
696 2170 828 2217 partes
855 2165 1052 2217 perigonii
1079 2169 1166 2205 ante
1194 2166 1482 2205 florescentiam
1510 2177 1614 2205 com-

275 2240 429 2293 positae
458 2245 498 2281 et
526 2242 784 2294 complicatae
813 2246 923 2292 sunt,
950 2243 1218 2283 aestivatio
1247 2255 1319 2282 seu
1345 2243 1616 2294 praeflore—

277 2318 469 2357 scentia
497 2318 650 2359 dicitur.
708 2320 873 2371 Triplex
902 2324 980 2359 est:
1010 2324 1127 2360 aest.
1158 2319 1476 2360 collateralis
1512 2318 1611 2369 (νεί-

277 2407 398 2435 vacea
423 2394 469 2432 R.
504 2394 780 2445 Brownio),
824 2397 1064 2448 marginibus
1098 2396 1326 2450 phyllorum
1354 2396 1614 2435 accumbenti-

278 2472 370 2518 bus;
422 2474 538 2509 aest.
581 2473 909 2524 amplectens,
960 2487 1076 2526 quam
1120 2474 1343 2513 valvaceam
1385 2472 1480 2511 olim
1522 2472 1614 2520 dixi,

279 2561 397 2600 quam
412 2547 674 2587 Brownius
702 2562 798 2589 vero
817 2551 866 2589 ad
881 2549 1124 2590 imbricatam
1146 2551 1277 2599 refert,
1293 2562 1372 2589 uno
1387 2548 1614 2601 pluribusve

282 2624 431 2678 phyllis
459 2624 623 2675 extimis,
649 2637 730 2665 uno
758 2626 987 2676 pluribusve
1015 2631 1054 2667 et
1074 2627 1230 2680 quidem
1252 2626 1444 2678 oppositis
1459 2625 1615 2674 intimis,
