1682 2938
912 140 992 182 142

284 249 411 302 qualis
439 249 479 288 in
496 247 690 288 Nau-cissis
718 255 756 289 et
772 250 986 290 Pancratiis
1014 240 1198 290 occurrit.
1234 251 1332 291 Esse
1360 254 1612 304 appendicem

284 330 449 366 testatur
492 325 761 377 multiplicatio
802 329 990 380 quaedam
1029 328 1238 379 perigonii,
1292 329 1333 367 in
1373 343 1449 382 qua
1492 331 1613 370 cuivis

283 401 422 456 phyllo
448 403 641 455 perigonii
669 404 852 444 adhaeret
877 404 1019 444 lacinia
1047 419 1219 445 coronae
1247 406 1477 459 discerptae.

392 512 644 553 Coronula
672 519 823 553 constat
850 528 899 553 ex
926 515 1204 566 appendicibus
1231 517 1426 567 sejunctis,
1456 518 1614 558 cuilibet

284 591 457 630 corollae
484 589 620 642 phyllo
652 594 691 629 et
719 590 876 643 quidem
905 593 989 641 ejus
1025 593 1247 643 superficiei
1277 593 1480 644 impositis.
1538 596 1612 633 Ha-

283 669 418 707 bemus
447 667 487 705 in
516 666 663 716 Silene,
707 672 820 707 caute
849 668 1162 720 distinguendum
1190 683 1212 708 a
1239 669 1419 710 lacinulis
1446 671 1614 711 laterali-

283 745 355 801 bus
381 744 602 796 petalorum
629 745 669 783 in
688 743 911 790 ,Cucubala

390 854 599 905 Appendix
638 853 871 893 tubulosa
906 853 946 891 in
983 854 1065 893 basi
1100 856 1321 906 petalorum
1356 858 1510 908 generis
1537 858 1613 897 Ra-

284 931 464 979 nunculi,
500 930 723 970 sublabiata.
780 930 851 969 Est
879 932 1094 982 appendix,
1129 946 1218 972 nam
1247 934 1286 971 in
1316 934 1466 973 corolla
1494 947 1612 985 saepe

283 1007 535 1058 multiplicata
579 1006 738 1045 cuilibet
779 1007 909 1056 petalo
951 1009 1132 1049 adhaeret
1174 1012 1363 1060 ejusmod1
1405 1010 1612 1061 appendix.

282 1084 427 1123 Similis
455 1087 516 1122 est
542 1081 682 1133 petalis
710 1082 750 1120 in
778 1083 1011 1132 Hellebom,
1059 1087 1107 1125 de
1136 1087 1274 1138 quibus
1302 1087 1421 1138 igitur
1448 1087 1611 1135 dubites,

282 1174 331 1200 an
359 1173 454 1200 vera
488 1158 565 1198 sint
597 1158 745 1210 petala,
787 1172 836 1199 an
865 1162 1058 1212 ejusmodi
1086 1162 1321 1213 appendices
1355 1165 1495 1214 petalis
1525 1178 1614 1204 eva-

282 1237 541 1277 nescentibus.

389 1347 501 1386 Faux
528 1358 608 1385 non
645 1359 734 1386 raro
764 1347 956 1386 clauditur
983 1348 1023 1386 in
1050 1349 1310 1400 monopetalis
1345 1349 1463 1389 variis
1495 1350 1614 1401 parti-

281 1425 374 1463 bus:
404 1423 685 1463 fornicibus
714 1436 786 1463 seu
801 1424 976 1475 partibus
999 1426 1177 1465 rotundis
1195 1439 1314 1477 supra
1332 1421 1529 1466 ‘convexis
1558 1427 1615 1465 in-

282 1501 342 1539 fra
370 1500 563 1549 concavis,
591 1501 809 1552 squamis
837 1514 907 1540 seu
923 1502 1097 1552 partibus
1114 1503 1290 1542 rotundis
1310 1503 1436 1554 planis
1465 1508 1505 1542 et
1532 1503 1614 1558 pla-

281 1576 486 1624 niusculis,
529 1580 568 1615 et
595 1576 767 1625 radiis,
809 1590 879 1617 seu
916 1578 1090 1629 partibus
1127 1579 1274 1619 conicis
1305 1580 1610 1619 conniventibus.

281 1654 364 1692 Hae
395 1657 538 1704 partes,
566 1653 641 1693 nisi
669 1667 834 1706 semper,
852 1659 982 1694 tamen
1000 1667 1118 1707 saepe
1136 1657 1338 1696 transitum
1366 1657 1537 1696 indicant
1565 1657 1613 1695 ad

282 1729 473 1778 corollam
506 1730 703 1779 labiatam,
746 1732 803 1770 uti
843 1735 969 1782 patet,
1022 1732 1057 1770 si
1090 1732 1217 1771 varias
1251 1733 1430 1773 Peloriae
1467 1734 1612 1773 formas

281 1807 591 1847 consideraveris
646 1807 738 1858 (cfr.
785 1808 1087 1859 Ratzeburgi
1127 1809 1250 1848 Diss.
1298 1810 1354 1848 de
1396 1810 1612 1850 Peloriis

281 1884 344 1934 fig.
372 1883 592 1932 28-45.).

391 1993 645 2032 Verrucae
675 1998 714 2033 et
742 1993 1002 2045 glandulae
1030 1994 1070 2032 in
1087 1993 1236 2032 corolla
1259 2006 1340 2032 non
1368 2008 1479 2034 rarae
1509 1999 1611 2034 sunt.

281 2069 483 2118 Ejusmodi
511 2082 699 2109 verrucas
728 2074 768 2109 et
794 2070 995 2121 glandulas
1023 2070 1064 2109 in
1086 2070 1349 2109 Fumariaceis
1379 2084 1498 2122 supra
1526 2072 1612 2110 bre-

280 2129 384 2183 viter
409 2145 674 2185 indicavimus.
730 2147 774 2185 In
802 2151 968 2198 utroque
988 2146 1118 2197 petalo
1146 2137 1297 2186 laterali
1327 2152 1496 2187 connato
1526 2161 1612 2187 ver-

282 2233 347 2260 sus
376 2222 526 2272 apicem
553 2235 721 2262 verruca
747 2223 943 2275 reperitur
959 2227 1018 2262 sat
1033 2236 1180 2275 magna,
1209 2224 1250 2262 in
1278 2224 1389 2275 apice
1417 2238 1514 2264 vero
1541 2226 1612 2263 hu-

275 2299 341 2348 jus
368 2298 488 2349 petali
516 2300 673 2339 connati
700 2300 883 2352 glandula
910 2300 1044 2339 viridis
1069 2305 1129 2340 est
1146 2314 1308 2340 succum
1323 2301 1514 2340 viscidum
1533 2301 1612 2352 api—

281 2387 346 2414 ces
374 2375 708 2426 conglutinantem
736 2390 964 2418 excernens,
1021 2377 1120 2417 Sunt
1152 2391 1308 2430 quoque
1337 2376 1544 2428 glandulae
1573 2377 1613 2416 in
1679 2408 1681 2412 .

281 2451 422 2503 petalis
449 2464 568 2492 succo
595 2454 780 2504 singulari
806 2454 996 2505 insignes,
1044 2454 1111 2507 qui
1139 2468 1234 2494 vero
1268 2466 1350 2493 non
1377 2453 1610 2501 excernitur,
1679 2438 1681 2488 Ῐ

284 2541 317 2567 e.
347 2541 382 2580 g.
416 2528 623 2580 glandulae
659 2530 699 2568 in
730 2530 955 2570 Berberidis
991 2531 1149 2582 petalis,
1184 2530 1390 2582 Hyperici,
1432 2531 1611 2570 aliarum-
1678 2544 1680 2573 ;

283 2616 359 2655 que
384 2604 614 2655 plantarum.
672 2606 829 2646 Foveae
857 2620 1018 2646 succum
1047 2607 1285 2659 excipientes
1313 2607 1353 2646 in
1377 2606 1610 2648 Fritillariae
