1682 2938
4 775 5 780 „
0 722 2 766 *vr
0 550 8 716 W3*⁴
0 233 11 543 «ἥψω-εμὲ
0 13 12 229 *siff-mxx:

933 133 1016 174 254

304 245 467 294 junctos
496 255 567 293 per
595 256 707 282 axem
737 243 946 294 pericarpii
974 243 1149 291 transire,
1179 247 1245 282 aut
1274 245 1322 282 ad
1351 244 1450 282 latus
1480 256 1641 283 conver-

310 332 377 357 sos
407 333 478 370 per
505 320 673 370 parietes
702 324 768 358 aut
797 320 977 370 carpella.

416 406 577 454 Moneo,
606 419 720 446 omne
748 407 1009 457 pericarpium
1034 407 1073 445 in
1100 411 1203 446 statu
1232 408 1439 446 immaturo
1469 412 1641 446 contem-

308 483 505 534 plandum,
534 484 625 534 quia
653 484 691 522 in
719 483 978 522 maturatione
1007 483 1133 522 varias
1162 483 1265 521 subit
1293 484 1639 534 metamorphoses.

418 570 630 622 Pericarpii
647 572 745 610 duae
761 575 851 609 sunt
866 571 1029 622 species.
1059 569 1238 608 Alterum
1253 571 1417 609 formam
1430 571 1511 609 fere
1527 572 1641 609 habet

308 646 486 694 seminis,
523 648 628 699 quod
656 652 763 686 arcte
802 647 974 694 investit,
1013 647 1178 685 alterum
1209 659 1304 685 vero
1333 647 1448 686 habet
1476 648 1641 686 formam

308 737 330 762 a
357 723 515 762 seminis
545 724 670 763 forma
699 724 891 762 diversam
920 728 959 762 et
982 723 1206 773 saepissima
1234 723 1346 773 plura
1373 724 1521 762 semina
1549 737 1641 762 eon-

308 800 420 848 tinet,
457 801 630 852 quamvis
664 814 744 840 non
773 812 929 851 semper
957 800 1218 849 perficiantur.
1276 801 1362 838 Hoc
1391 801 1639 851 capsulam

308 876 485 923 dixerim,
514 876 610 914 illud
639 890 741 926 amp
753 876 1024 927 hispermiu
1036 890 1083 915 m.
1140 877 1184 914 In
1211 876 1512 927 amphispermio
1541 889 1637 915 vero

307 958 435 992 cessat
464 953 535 990 iste
564 953 775 991 fasciculus
803 965 1004 1000 vasorum,
1045 953 1112 1004 qui
1140 953 1188 991 ad
1217 953 1547 992 continuationem
1574 967 1639 1004 pe-

307 1029 468 1068 dunculi
497 1035 563 1068 aut
589 1029 811 1080 gynophori
840 1029 1019 1080 pertinet.

414 1122 584 1173 Capsula
619 1122 849 1173 plerumque
883 1122 1123 1161 valvacea
1159 1127 1236 1169 est,
1283 1122 1322 1159 in
1356 1114 1452 1160 duas
1487 1121 1638 1160 scilicet

307 1200 518 1252 pluresque
548 1199 681 1238 valvas
710 1198 902 1247 distincta,
931 1198 1107 1251 quamvis
1134 1211 1214 1237 non
1242 1211 1398 1248 semper
1424 1198 1640 1237 maturitate

307 1278 344 1316 in
373 1277 506 1316 valvas
543 1276 724 1316 dehiscat.
781 1275 921 1314 Rarius
952 1280 1106 1323 sutura,
1143 1275 1368 1326 saepissime
1405 1287 1501 1313 vero
1537 1271 1639 1312 linea

306 1354 578 1405 longitudinali
606 1366 743 1405 parum
773 1351 955 1391 distincta
983 1356 1186 1403 separatur
1207 1352 1353 1390 valvae.
1411 1351 1453 1390 Si
1482 1351 1640 1402 capsula

305 1431 441 1482 calyce
470 1435 536 1470 aut
565 1431 695 1482 potius
725 1429 936 1480 hypanthio
966 1429 1124 1480 tegitur,
1171 1429 1266 1467 haec
1302 1428 1502 1467 valvarum
1530 1441 1639 1479 sepa-

306 1509 404 1547 ratio
434 1509 473 1547 in
504 1511 758 1558 conspectum
787 1519 868 1545 non
896 1506 1042 1557 prodit:
1080 1510 1171 1544 tunc
1200 1504 1398 1556 capsulam
1425 1505 1638 1544 velatam

305 1585 480 1623 dixerim.
539 1584 709 1635 Capsula
737 1583 864 1622 velata
899 1583 1048 1622 cortice
1086 1594 1219 1620 crasso
1255 1594 1423 1620 carnoso
1451 1594 1636 1632 pomum

305 1661 347 1700 fit
377 1673 407 1700 s.
439 1661 597 1712 capsula
625 1673 815 1710 pomacea
842 1659 934 1710 Pyri
964 1664 1035 1698 etc.

412 1752 560 1791 Valvae
588 1752 796 1804 pericarpii
823 1752 881 1790 uti
910 1752 1005 1790 folia
1033 1751 1274 1790 considerari
1301 1756 1486 1802 possunt,
1524 1764 1545 1789 e
1574 1763 1638 1789 co-

303 1829 461 1867 lumella
504 1842 576 1880 per
616 1842 729 1868 axem
768 1829 999 1867 decurrente
1039 1827 1153 1865 sicuti
1191 1840 1211 1865 e
1242 1840 1349 1866 ramo
1391 1827 1636 1877 prodeuntia.

304 1906 544 1945 Excrescere
574 1907 612 1944 in
649 1905 742 1944 folia
778 1904 959 1943 viderunt
988 1903 1097 1942 multi
1127 1908 1164 1942 et
1192 1904 1500 1954 descripserunt,
1538 1916 1570 1941 e.
1600 1916 1634 1953 g.

303 1983 585 2022 Dutrochet
611 1983 803 2031 (Journ.
838 1982 873 2020 d.
904 1982 1039 2032 Phys.
1070 1980 1133 2019 85.
1161 1979 1273 2026 469.;
1301 1980 1366 2020 90.
1396 1979 1529 2027 308.),
1558 1979 1637 2017 Pe-

305 2060 360 2098 tit
388 2060 611 2098 Thouars
646 2059 743 2109 (ibd.
773 2058 838 2098 89.
866 2058 997 2105 385),
1042 2057 1353 2108 Eysenhardt
1389 2055 1637 2104 (Linnaea

304 2137 338 2175 1.
369 2136 492 2187 579.)‚
520 2137 566 2175 ΙΙ.
596 2136 643 2175 G.
666 2137 845 2174 Brown
873 2135 1047 2184 (Flora
1077 2131 1139 2173 16.
1169 2133 1282 2182 499.)
1312 2132 1478 2184 eleganti
1507 2144 1637 2170 exem-

300 2212 367 2263 plo
406 2212 613 2263 leguminis
657 2213 695 2251 in
734 2211 912 2250 foliolum
950 2210 1151 2249 terminale
1188 2210 1272 2249 folii
1306 2209 1447 2249 ternati
1483 2207 1636 2246 Trifolii

301 2288 454 2339 hybridi
484 2290 634 2338 mutati,
665 2291 776 2340 cujus
806 2301 950 2327 nervus
981 2287 1143 2326 inferior
1171 2287 1298 2327 folioli
1325 2285 1493 2338 petiolo,
1523 2297 1637 2335 supe-

303 2366 384 2405 rior
417 2365 650 2415 marginibus
689 2365 949 2416 respondebat
984 2370 1022 2402 et
1056 2377 1154 2416 quae
1190 2364 1266 2402 alia
1299 2367 1388 2401 sunt
1421 2360 1636 2412 germinum

301 2448 340 2482 et
374 2427 572 2481 fructuum
606 2443 645 2480 in
679 2441 774 2480 folia
803 2441 919 2493 plane
956 2446 1023 2479 aut
1045 2440 1138 2479 ‘fere
1175 2443 1410 2479 mutatorum
1448 2436 1635 2487 exempla,

301 2520 340 2558 in
369 2519 524 2571 generis
554 2519 650 2558 Citri
679 2519 868 2558 fructibus
898 2516 1224 2571 frequentissima.
1280 2515 1360 2554 Sed
1387 2515 1513 2554 forma
1541 2525 1636 2565 quo-

299 2609 375 2648 que
404 2596 602 2635 valvarum
632 2596 771 2645 probat
800 2595 1007 2646 originem;
1065 2594 1105 2637 in
1134 2593 1262 2632 medio
1292 2591 1394 2630 enim
1421 2603 1537 2640 saepe
1565 2589 1629 2628 ha-
