1682 2938
876 144 958 186 100

386 253 529 294 Rarius
557 254 677 307 calyx
705 255 821 294 fissus
852 259 930 304 est,
967 255 1075 307 quod
1105 259 1235 294 tamen
1271 255 1310 294 in
1341 255 1536 295 Gentiana
1563 256 1622 296 lu-

206 323 208 325 *
279 334 343 370 tea
370 331 523 371 accidit.
581 331 728 383 Spatha
762 333 811 372 ad
846 332 1027 372 bracteas
1066 332 1257 384 pertinet3
1314 333 1354 371 in
1381 331 1623 385 Alpiniaceis

276 419 374 446 vero
401 420 434 447 e.
464 420 499 459 g.
529 408 782 461 Kaempferia
815 410 952 462 utique
984 410 1166 463 calycem
1195 402 1317 460 sistit,
1353 410 1425 450 sed
1454 409 1624 450 corolla-

278 497 348 524 cea
376 488 444 524 est.

387 615 521 670 Calyx
553 629 635 656 non
661 629 818 669 semper
843 619 930 658 basi
958 618 1186 671 aequilibris
1216 622 1290 668 est,
1334 619 1405 658 sed
1433 617 1623 657 alterutro

275 693 318 733 in
351 692 474 733 latere
508 694 726 745 prominet,
763 699 803 735 et
837 708 920 736 non
954 709 1046 736 raro
1081 696 1335 748 gibberem
1370 697 1524 735 format.
1579 695 1625 733 In

278 770 420 824 calyce
448 770 560 809 hicce
588 771 727 822 gibber
753 785 845 812 raro
875 773 916 812 in
945 774 1076 813 calcar
1105 773 1350 822 extenditur,
1396 774 1624 825 frequenter

276 860 374 887 vero
403 847 441 886 in
479 848 708 899 perianthiis
742 849 990 890 corollaceis.
1055 851 1218 904 Calycis
1252 850 1392 903 phylla
1427 850 1625 889 interdum
1667 859 1669 862 ⁴

277 923 382 964 ultra
408 924 636 964 insertionis
663 925 798 966 locum
826 927 1078 980 elongantur,
1119 941 1219 980 quae
1248 927 1484 979 appendices
1514 926 1625 965 refle-

276 1014 352 1040 xae
380 1001 501 1040 alium
529 1005 569 1042 et
596 1006 805 1043 externum
832 1004 1072 1044 verticillum
1099 1006 1326 1055 formarent,
1352 1008 1397 1043 ut
1425 1004 1466 1042 in
1481 1002 1624 1043 Violis.

278 1078 408 1130 Saepe
437 1090 528 1116 cum
557 1078 780 1131 hypanthio
807 1080 848 1120 in
875 1082 962 1121 basi
989 1062 1181 1121 connatus
1211 1086 1283 1121 est.
1319 1081 1525 1132 Ejusmodi
1549 1081 1625 1133 hy-

276 1154 481 1207 panthium
519 1153 746 1206 elongatum
780 1156 887 1197 intus
925 1158 1054 1197 canali
1081 1163 1141 1197 sat
1174 1158 1295 1209 longo
1330 1171 1402 1198 seu
1439 1156 1624 1198 cuniculo

275 1231 499 1285 praeditum
533 1231 574 1270 in
600 1232 846 1284 Pelargoniis
879 1234 1032 1286 primus
1068 1235 1277 1286 descripsit
1303 1234 1514 1274 Rothius
1549 1233 1625 1284 (in

276 1309 446 1350 Usteri
479 1309 665 1360 Magaz.
702 1310 740 1350 d.
767 1312 875 1352 Bot.
911 1311 976 1351 St.
1005 1311 1043 1351 2.
1074 1326 1112 1363 p.
1141 1310 1242 1362 310,
1272 1311 1380 1364 quod
1409 1310 1539 1350 calcar
1566 1310 1626 1348 in-

277 1390 434 1426 ternum
461 1386 667 1438 ingeniose
695 1387 854 1428 vocavit
877 1388 1147 1428 Mirbelius
1176 1388 1340 1440 (Elem.
1369 1392 1395 1427 t.
1415 1387 1482 1428 30.
1512 1386 1537 1428 f.
1553 1386 1625 1436 6.).

386 1540 453 1580 Uti
480 1539 578 1580 folia
604 1545 787 1581 constant
820 1542 961 1595 phylla
989 1542 1142 1596 oalycis
1170 1555 1193 1581 e
1228 1542 1546 1594 diachymate
1570 1544 1625 1580 et

278 1616 464 1658 nervis.
520 1617 744 1671 Diachyma
779 1619 1042 1670 compositum
1079 1623 1139 1659 est
1167 1615 1188 1658 e
1218 1618 1369 1658 cellulis
1403 1617 1627 1670 parent-hy-

277 1694 442 1743 maticis,
468 1692 623 1734 lacunis
636 1706 753 1746 saepe
771 1696 968 1735 immixtis.
1024 1695 1150 1735 Nervi
1177 1708 1272 1735 vasa
1299 1699 1442 1746 gerunt
1455 1694 1627 1745 plerum-

278 1785 356 1826 que
383 1771 563 1823 spiralia,
592 1772 732 1824 quibus
759 1772 942 1824 apposita
968 1777 1060 1811 sunt
1086 1785 1181 1811 vasa
1207 1772 1372 1821 fibrosa,
1409 1771 1626 1811 cellulaeve

276 1847 678 1901 prosenchymaticae.
742 1849 965 1902 Epidermis
1004 1849 1252 1888 creberrimis
1288 1852 1348 1888 est
1383 1848 1510 1888 obsita
1546 1851 1627 1887 sto·
1674 1900 1676 1902 v

277 1925 407 1969 matiis
441 1925 500 1965 uti
537 1938 676 1966 omnes
709 1930 842 1978 partes
877 1925 1034 1966 virides.
1103 1924 1260 1965 Nervus
1293 1925 1527 1978 plerumque
1554 1938 1629 1977 per

278 2002 453 2043 medium
479 2001 657 2055 phyllum
684 2004 900 2055 percurrit,
930 2007 996 2043 aut
1024 2003 1143 2042 nullis
1172 2002 1381 2054 appositis,
1410 2007 1477 2043 aut
1504 2003 1628 2043 mino-

279 2080 388 2120 ribus
424 2079 638 2131 parallelis.
695 2082 915 2126 Interdum,
956 2079 1189 2132 praesertim
1223 2079 1257 2118 si
1290 2079 1431 2132 phylla
1471 2080 1629 2119 dilatata
1668 2094 1679 2106 “

278 2157 463 2210 foliisque
491 2157 681 2197 similiora
708 2161 811 2207 sunt,
839 2157 951 2197 nervi
979 2157 1096 2196 ramis
1125 2156 1504 2195 anastomosantibus
1535 2169 1629 2196 con-

278 2233 361 2274 nati
387 2238 480 2273 sunt
506 2234 710 2286 (Digitalis
739 2234 855 2286 etc.)‚
885 2234 1082 2274 rarissime
1108 2246 1206 2272 vero
1234 2245 1381 2272 nervus
1408 2233 1628 2284 primarius,

270 2305 412 2351 'ramos
439 2310 557 2351 habet
582 2311 767 2351 laterales
795 2315 976 2363 patentes
1003 2311 1285 2351 ramificatione
1315 2309 1628 2363 deliquescentes

278 2387 447 2438 (Rosa),
490 2387 555 2433 uti?
585 2388 812 2440 saepissime
849 2377 889 2428 in
926 2389 1030 2429 foliis
1064 2388 1296 2440 praesertim
1324 2386 1628 2441 Dicotylearum

278 2463 434 2505 accidit.
487 2462 647 2504 Nervus
675 2477 758 2505 non
789 2466 919 2506 solum
947 2467 987 2505 in
1023 2466 1154 2506 medio
1181 2465 1329 2519 phylli,
1371 2464 1441 2503 sed
1469 2476 1628 2516 quoque

278 2542 384 2582 inter
417 2539 558 2594 phylla
594 2545 762 2581 connata
798 2543 1011 2582 decurrere
1040 2543 1089 2582 vin
1119 2542 1260 2596 calyce
1297 2542 1452 2582 inverse
1480 2541 1626 2580 labiato

279 2617 478 2670 singulare
506 2621 575 2658 est.
633 2618 931 2672 Descriptiones
968 2623 1170 2659 accuratas
1209 2619 1280 2658 sed
1307 2630 1388 2659 non
1425 2629 1628 2670 compara-
