<?xml version="1.0" encoding="UTF-8"?>
<!DOCTYPE html PUBLIC "-//W3C//DTD XHTML 1.0 Transitional//EN"
    "http://www.w3.org/TR/xhtml1/DTD/xhtml1-transitional.dtd">
<html xmlns="http://www.w3.org/1999/xhtml" xml:lang="en" lang="en">
 <head>
  <title>
</title>
<meta http-equiv="Content-Type" content="text/html;charset=utf-8" />
  <meta name='ocr-system' content='tesseract 3.04.00' />
  <meta name='ocr-capabilities' content='ocr_page ocr_carea ocr_par ocr_line ocrx_word'/>
</head>
<body>
  <div class='ocr_page' id='page_1' title='image "./elementaphilosop02linkuoft_0146.png"; bbox 0 0 1682 2938; ppageno 0'>
   <div class='ocr_carea' id='block_1_1' title="bbox 876 135 959 177">
    <p class='ocr_par' dir='ltr' id='par_1_1' title="bbox 876 135 959 177">
     <span class='ocr_line' id='line_1_1' title="bbox 876 135 959 177; baseline 0 0"><span class='ocrx_word' id='word_1_1' title='bbox 876 135 959 177; x_wconf 83' lang='lat'>124</span> 
     </span>
    </p>
   </div>
   <div class='ocr_carea' id='block_1_2' title="bbox 248 244 1588 375">
    <p class='ocr_par' dir='ltr' id='par_1_2' title="bbox 248 244 1588 375">
     <span class='ocr_line' id='line_1_2' title="bbox 250 244 1586 298; baseline 0.001 -14"><span class='ocrx_word' id='word_1_2' title='bbox 250 244 485 284; x_wconf 86' lang='lat' dir='ltr'>Exanthium</span> <span class='ocrx_word' id='word_1_3' title='bbox 511 244 650 284; x_wconf 83' lang='lat' dir='ltr'>saltem</span> <span class='ocrx_word' id='word_1_4' title='bbox 678 257 782 295; x_wconf 88' lang='lat' dir='ltr'>esse,</span> <span class='ocrx_word' id='word_1_5' title='bbox 823 258 906 286; x_wconf 88' lang='lat' dir='ltr'>non</span> <span class='ocrx_word' id='word_1_6' title='bbox 933 246 1169 298; x_wconf 80' lang='lat' dir='ltr'>negaverim.</span> <span class='ocrx_word' id='word_1_7' title='bbox 1226 245 1422 286; x_wconf 86' lang='lat' dir='ltr'>Antherae</span> <span class='ocrx_word' id='word_1_8' title='bbox 1456 249 1586 287; x_wconf 83' lang='lat' dir='ltr'>stami-</span> 
     </span>
     <span class='ocr_line' id='line_1_3' title="bbox 248 320 1588 375; baseline 0.003 -15"><span class='ocrx_word' id='word_1_9' title='bbox 248 335 343 360; x_wconf 88' lang='lat' dir='ltr'>num</span> <span class='ocrx_word' id='word_1_10' title='bbox 371 320 589 361; x_wconf 84' lang='lat' dir='ltr'>lateralium</span> <span class='ocrx_word' id='word_1_11' title='bbox 618 321 832 372; x_wconf 87' lang='lat' dir='ltr'>interdum,</span> <span class='ocrx_word' id='word_1_12' title='bbox 861 323 1022 363; x_wconf 87' lang='lat' dir='ltr'>minime</span> <span class='ocrx_word' id='word_1_13' title='bbox 1049 336 1146 363; x_wconf 86' lang='lat' dir='ltr'>vero</span> <span class='ocrx_word' id='word_1_14' title='bbox 1176 336 1341 375; x_wconf 86' lang='lat' dir='ltr'>semper,</span> <span class='ocrx_word' id='word_1_15' title='bbox 1369 324 1588 364; x_wconf 81' lang='lat' dir='ltr'>unilocula-</span> 
     </span>
    </p>
   </div>
   <div class='ocr_carea' id='block_1_3' title="bbox 248 402 445 438">
    <p class='ocr_par' dir='ltr' id='par_1_3' title="bbox 248 402 445 438">
     <span class='ocr_line' id='line_1_4' title="bbox 248 402 445 438; baseline 0 -1"><span class='ocrx_word' id='word_1_16' title='bbox 248 411 312 438; x_wconf 86' lang='lat' dir='ltr'>res</span> <span class='ocrx_word' id='word_1_17' title='bbox 340 402 445 438; x_wconf 87' lang='lat' dir='ltr'>sunt.</span> 
     </span>
    </p>
   </div>
   <div class='ocr_carea' id='block_1_4' title="bbox 245 506 1588 1638">
    <p class='ocr_par' dir='ltr' id='par_1_4' title="bbox 245 506 1588 1638">
     <span class='ocr_line' id='line_1_5' title="bbox 355 506 1588 559; baseline 0.004 -14"><span class='ocrx_word' id='word_1_18' title='bbox 355 506 445 546; x_wconf 89' lang='lat' dir='ltr'>Alia</span> <span class='ocrx_word' id='word_1_19' title='bbox 479 507 607 547; x_wconf 83' lang='lat' dir='ltr'>forma</span> <span class='ocrx_word' id='word_1_20' title='bbox 640 508 820 547; x_wconf 88' lang='lat' dir='ltr'>anomala</span> <span class='ocrx_word' id='word_1_21' title='bbox 855 521 935 548; x_wconf 89' lang='lat' dir='ltr'>cor.</span> <span class='ocrx_word' id='word_1_22' title='bbox 972 509 1148 550; x_wconf 89' lang='lat' dir='ltr'>labiosae</span> <span class='ocrx_word' id='word_1_23' title='bbox 1185 510 1488 550; x_wconf 86' lang='lat' dir='ltr'>balsaminea</span> <span class='ocrx_word' id='word_1_24' title='bbox 1515 515 1588 559; x_wconf 89' lang='lat' dir='ltr'>est,</span> 
     </span>
     <span class='ocr_line' id='line_1_6' title="bbox 249 584 1586 640; baseline 0.002 -17"><span class='ocrx_word' id='word_1_25' title='bbox 249 585 290 624; x_wconf 91' lang='lat' dir='ltr'>in</span> <span class='ocrx_word' id='word_1_26' title='bbox 323 584 581 624; x_wconf 88' lang='lat' dir='ltr'>Balsamineis</span> <span class='ocrx_word' id='word_1_27' title='bbox 623 597 857 634; x_wconf 86' lang='lat' dir='ltr'>occurrens,</span> <span class='ocrx_word' id='word_1_28' title='bbox 902 585 1137 638; x_wconf 88' lang='lat' dir='ltr'>hemipetala</span> <span class='ocrx_word' id='word_1_29' title='bbox 1174 600 1195 625; x_wconf 90' lang='lat' dir='ltr'>e</span> <span class='ocrx_word' id='word_1_30' title='bbox 1231 587 1371 638; x_wconf 87' lang='lat' dir='ltr'>petalis</span> <span class='ocrx_word' id='word_1_31' title='bbox 1408 591 1586 640; x_wconf 79' lang='lat' dir='ltr'>quatuor,</span> 
     </span>
     <span class='ocr_line' id='line_1_7' title="bbox 248 661 1586 713; baseline 0.002 -13"><span class='ocrx_word' id='word_1_32' title='bbox 248 662 401 701; x_wconf 90' lang='lat' dir='ltr'>duobus</span> <span class='ocrx_word' id='word_1_33' title='bbox 428 661 656 701; x_wconf 83' lang='lat' dir='ltr'><strong>lateralibus</strong></span> <span class='ocrx_word' id='word_1_34' title='bbox 685 662 768 702; x_wconf 86' lang='lat' dir='ltr'>basi</span> <span class='ocrx_word' id='word_1_35' title='bbox 795 662 934 702; x_wconf 83' lang='lat' dir='ltr'>saltem</span> <span class='ocrx_word' id='word_1_36' title='bbox 963 663 1159 711; x_wconf 85' lang='lat' dir='ltr'>connatis,</span> <span class='ocrx_word' id='word_1_37' title='bbox 1188 676 1340 703; x_wconf 88' lang='lat' dir='ltr'>summo</span> <span class='ocrx_word' id='word_1_38' title='bbox 1370 664 1586 713; x_wconf 83' lang='lat' dir='ltr'>deficiente,</span> 
     </span>
     <span class='ocr_line' id='line_1_8' title="bbox 247 738 1588 792; baseline 0.001 -15"><span class='ocrx_word' id='word_1_39' title='bbox 247 738 325 778; x_wconf 88' lang='lat' dir='ltr'>nisi</span> <span class='ocrx_word' id='word_1_40' title='bbox 359 738 456 778; x_wconf 90' lang='lat' dir='ltr'>velis</span> <span class='ocrx_word' id='word_1_41' title='bbox 494 738 646 792; x_wconf 83' lang='lat' dir='ltr'>calycis</span> <span class='ocrx_word' id='word_1_42' title='bbox 681 739 822 792; x_wconf 84' lang='lat' dir='ltr'>phyllo</span> <span class='ocrx_word' id='word_1_43' title='bbox 857 751 1010 779; x_wconf 87' lang='lat' dir='ltr'>summo</span> <span class='ocrx_word' id='word_1_44' title='bbox 1047 752 1135 779; x_wconf 88' lang='lat' dir='ltr'>esse</span> <span class='ocrx_word' id='word_1_45' title='bbox 1172 741 1354 779; x_wconf 88' lang='lat' dir='ltr'>adnatum</span> <span class='ocrx_word' id='word_1_46' title='bbox 1391 746 1435 780; x_wconf 87' lang='lat' dir='ltr'>ut</span> <span class='ocrx_word' id='word_1_47' title='bbox 1470 740 1588 792; x_wconf 86' lang='lat' dir='ltr'>igitur</span> 
     </span>
     <span class='ocr_line' id='line_1_9' title="bbox 249 815 1586 869; baseline 0.001 -15"><span class='ocrx_word' id='word_1_48' title='bbox 249 816 402 855; x_wconf 87' lang='lat' dir='ltr'>corolla</span> <span class='ocrx_word' id='word_1_49' title='bbox 429 815 490 864; x_wconf 88' lang='lat' dir='ltr'>sit,</span> <span class='ocrx_word' id='word_1_50' title='bbox 518 816 778 867; x_wconf 82' lang='lat' dir='ltr'>pentapetala.</span> <span class='ocrx_word' id='word_1_51' title='bbox 837 816 963 867; x_wconf 87' lang='lat' dir='ltr'>Calyx</span> <span class='ocrx_word' id='word_1_52' title='bbox 989 817 1100 856; x_wconf 85' lang='lat' dir='ltr'>adest</span> <span class='ocrx_word' id='word_1_53' title='bbox 1118 830 1139 856; x_wconf 94' lang='lat' dir='ltr'>e</span> <span class='ocrx_word' id='word_1_54' title='bbox 1160 818 1303 869; x_wconf 89' lang='lat' dir='ltr'>phyllis</span> <span class='ocrx_word' id='word_1_55' title='bbox 1332 818 1486 857; x_wconf 86' lang='lat' dir='ltr'>duobus</span> <span class='ocrx_word' id='word_1_56' title='bbox 1516 831 1586 868; x_wconf 94' lang='lat' dir='ltr'>op-</span> 
     </span>
     <span class='ocr_line' id='line_1_10' title="bbox 248 892 1586 944; baseline 0 -12"><span class='ocrx_word' id='word_1_57' title='bbox 248 893 388 944; x_wconf 83' lang='lat' dir='ltr'>positis</span> <span class='ocrx_word' id='word_1_58' title='bbox 416 892 614 941; x_wconf 85' lang='lat' dir='ltr'>maximis,</span> <span class='ocrx_word' id='word_1_59' title='bbox 651 893 798 932; x_wconf 87' lang='lat' dir='ltr'>extimo</span> <span class='ocrx_word' id='word_1_60' title='bbox 828 897 866 932; x_wconf 89' lang='lat' dir='ltr'>et</span> <span class='ocrx_word' id='word_1_61' title='bbox 894 893 1026 932; x_wconf 88' lang='lat' dir='ltr'>infimo</span> <span class='ocrx_word' id='word_1_62' title='bbox 1057 894 1272 943; x_wconf 67' lang='lat' dir='ltr'>calcatam,</span> <span class='ocrx_word' id='word_1_63' title='bbox 1316 895 1469 933; x_wconf 89' lang='lat' dir='ltr'>duobus</span> <span class='ocrx_word' id='word_1_64' title='bbox 1498 894 1586 933; x_wconf 88' lang='lat' dir='ltr'>aliis</span> 
     </span>
     <span class='ocr_line' id='line_1_11' title="bbox 249 969 1587 1022; baseline 0.001 -14"><span class='ocrx_word' id='word_1_65' title='bbox 249 969 436 1020; x_wconf 83' lang='lat' dir='ltr'>appositis</span> <span class='ocrx_word' id='word_1_66' title='bbox 465 969 682 1008; x_wconf 89' lang='lat' dir='ltr'>minoribus</span> <span class='ocrx_word' id='word_1_67' title='bbox 711 969 772 1018; x_wconf 87' lang='lat' dir='ltr'>(in</span> <span class='ocrx_word' id='word_1_68' title='bbox 799 969 1061 1018; x_wconf 87' lang='lat' dir='ltr'>Balsamina),</span> <span class='ocrx_word' id='word_1_69' title='bbox 1107 971 1290 1010; x_wconf 86' lang='lat' dir='ltr'>exanthio</span> <span class='ocrx_word' id='word_1_70' title='bbox 1319 971 1495 1022; x_wconf 87' lang='lat' dir='ltr'>diphyllo</span> <span class='ocrx_word' id='word_1_71' title='bbox 1525 985 1587 1010; x_wconf 91' lang='lat' dir='ltr'>re-</span> 
     </span>
     <span class='ocr_line' id='line_1_12' title="bbox 246 1045 1586 1098; baseline 0.002 -14"><span class='ocrx_word' id='word_1_72' title='bbox 246 1046 362 1098; x_wconf 86' lang='lat' dir='ltr'>liquis</span> <span class='ocrx_word' id='word_1_73' title='bbox 389 1045 566 1096; x_wconf 84' lang='lat' dir='ltr'>partibus</span> <span class='ocrx_word' id='word_1_74' title='bbox 595 1047 812 1096; x_wconf 88' lang='lat' dir='ltr'>supposito.</span> <span class='ocrx_word' id='word_1_75' title='bbox 870 1046 1025 1097; x_wconf 86' lang='lat' dir='ltr'>Calycis</span> <span class='ocrx_word' id='word_1_76' title='bbox 1051 1046 1227 1097; x_wconf 89' lang='lat' dir='ltr'>phyllum</span> <span class='ocrx_word' id='word_1_77' title='bbox 1254 1060 1447 1086; x_wconf 89' lang='lat' dir='ltr'>summum</span> <span class='ocrx_word' id='word_1_78' title='bbox 1467 1049 1586 1087; x_wconf 91' lang='lat' dir='ltr'>Roe-</span> 
     </span>
     <span class='ocr_line' id='line_1_13' title="bbox 246 1103 1584 1176; baseline 0.002 -15"><span class='ocrx_word' id='word_1_79' title='bbox 246 1134 396 1174; x_wconf 89' lang='lat' dir='ltr'>perus</span> <span class='ocrx_word' id='word_1_80' title='bbox 425 1121 474 1160; x_wconf 89' lang='lat' dir='ltr'>ad</span> <span class='ocrx_word' id='word_1_81' title='bbox 503 1121 694 1160; x_wconf 88' lang='lat' dir='ltr'>corollam</span> <span class='ocrx_word' id='word_1_82' title='bbox 721 1122 860 1170; x_wconf 81' lang='lat' dir='ltr'>refert,</span> <span class='ocrx_word' id='word_1_83' title='bbox 887 1125 928 1161; x_wconf 85' lang='lat' dir='ltr'>at</span> <span class='ocrx_word' id='word_1_84' title='bbox 955 1103 1073 1161; x_wconf 72' lang='lat' dir='ltr'>situm</span> <span class='ocrx_word' id='word_1_85' title='bbox 1102 1127 1140 1162; x_wconf 85' lang='lat' dir='ltr'>et</span> <span class='ocrx_word' id='word_1_86' title='bbox 1166 1124 1338 1163; x_wconf 90' lang='lat' dir='ltr'>habitum</span> <span class='ocrx_word' id='word_1_87' title='bbox 1365 1125 1584 1176; x_wconf 88' lang='lat' dir='ltr'>calycinum</span> 
     </span>
     <span class='ocr_line' id='line_1_14' title="bbox 246 1198 1584 1252; baseline 0.001 -13"><span class='ocrx_word' id='word_1_88' title='bbox 246 1199 361 1240; x_wconf 87' lang='lat' dir='ltr'>nimis</span> <span class='ocrx_word' id='word_1_89' title='bbox 386 1211 482 1251; x_wconf 88' lang='lat' dir='ltr'>prae</span> <span class='ocrx_word' id='word_1_90' title='bbox 511 1211 554 1238; x_wconf 92' lang='lat' dir='ltr'>se</span> <span class='ocrx_word' id='word_1_91' title='bbox 582 1199 675 1247; x_wconf 86' lang='lat' dir='ltr'>fert,</span> <span class='ocrx_word' id='word_1_92' title='bbox 712 1198 956 1238; x_wconf 86' lang='lat' dir='ltr'>Kunthius</span> <span class='ocrx_word' id='word_1_93' title='bbox 992 1212 1013 1238; x_wconf 90' lang='lat' dir='ltr'>e</span> <span class='ocrx_word' id='word_1_94' title='bbox 1043 1199 1196 1239; x_wconf 83' lang='lat' dir='ltr'>duobus</span> <span class='ocrx_word' id='word_1_95' title='bbox 1223 1201 1366 1252; x_wconf 90' lang='lat' dir='ltr'><strong>phyllis</strong></span> <span class='ocrx_word' id='word_1_96' title='bbox 1395 1202 1584 1252; x_wconf 84' lang='lat' dir='ltr'>calycinis</span> 
     </span>
     <span class='ocr_line' id='line_1_15' title="bbox 247 1275 1586 1328; baseline 0 -11"><span class='ocrx_word' id='word_1_97' title='bbox 247 1276 435 1317; x_wconf 87' lang='lat' dir='ltr'>coalitum</span> <span class='ocrx_word' id='word_1_98' title='bbox 463 1280 598 1314; x_wconf 86' lang='lat' dir='ltr'>censet</span> <span class='ocrx_word' id='word_1_99' title='bbox 626 1280 666 1315; x_wconf 91' lang='lat' dir='ltr'>et</span> <span class='ocrx_word' id='word_1_100' title='bbox 692 1287 810 1326; x_wconf 81' lang='lat' dir='ltr'>saepe</span> <span class='ocrx_word' id='word_1_101' title='bbox 836 1275 918 1314; x_wconf 87' lang='lat' dir='ltr'>vidi</span> <span class='ocrx_word' id='word_1_102' title='bbox 945 1275 985 1314; x_wconf 90' lang='lat' dir='ltr'>in</span> <span class='ocrx_word' id='word_1_103' title='bbox 1014 1277 1165 1316; x_wconf 87' lang='lat' dir='ltr'>corolla</span> <span class='ocrx_word' id='word_1_104' title='bbox 1189 1277 1307 1328; x_wconf 88' lang='lat' dir='ltr'>plena</span> <span class='ocrx_word' id='word_1_105' title='bbox 1334 1277 1464 1316; x_wconf 89' lang='lat' dir='ltr'>nervis</span> <span class='ocrx_word' id='word_1_106' title='bbox 1489 1279 1586 1317; x_wconf 87' lang='lat' dir='ltr'>duo-</span> 
     </span>
     <span class='ocr_line' id='line_1_16' title="bbox 246 1353 1585 1405; baseline 0 -12"><span class='ocrx_word' id='word_1_107' title='bbox 246 1355 321 1394; x_wconf 90' lang='lat' dir='ltr'>bus</span> <span class='ocrx_word' id='word_1_108' title='bbox 349 1354 594 1401; x_wconf 87' lang='lat' dir='ltr'>instructum,</span> <span class='ocrx_word' id='word_1_109' title='bbox 621 1365 696 1391; x_wconf 89' lang='lat' dir='ltr'>nec</span> <span class='ocrx_word' id='word_1_110' title='bbox 723 1365 814 1392; x_wconf 86' lang='lat' dir='ltr'>raro</span> <span class='ocrx_word' id='word_1_111' title='bbox 845 1353 886 1391; x_wconf 91' lang='lat' dir='ltr'>in</span> <span class='ocrx_word' id='word_1_112' title='bbox 901 1353 979 1392; x_wconf 94' lang='lat' dir='ltr'>duo</span> <span class='ocrx_word' id='word_1_113' title='bbox 993 1353 1128 1404; x_wconf 89' lang='lat' dir='ltr'>phylla</span> <span class='ocrx_word' id='word_1_114' title='bbox 1141 1354 1338 1405; x_wconf 88' lang='lat' dir='ltr'>partitum,</span> <span class='ocrx_word' id='word_1_115' title='bbox 1366 1358 1460 1393; x_wconf 87' lang='lat' dir='ltr'>tuuc</span> <span class='ocrx_word' id='word_1_116' title='bbox 1486 1368 1585 1394; x_wconf 88' lang='lat' dir='ltr'>vero</span> 
     </span>
     <span class='ocr_line' id='line_1_17' title="bbox 245 1428 1586 1483; baseline 0 -13"><span class='ocrx_word' id='word_1_117' title='bbox 245 1429 475 1483; x_wconf 88' lang='lat' dir='ltr'>praesertim</span> <span class='ocrx_word' id='word_1_118' title='bbox 511 1428 553 1468; x_wconf 91' lang='lat' dir='ltr'>in</span> <span class='ocrx_word' id='word_1_119' title='bbox 580 1429 724 1480; x_wconf 84' lang='lat' dir='ltr'>pagina</span> <span class='ocrx_word' id='word_1_120' title='bbox 758 1429 945 1469; x_wconf 83' lang='lat' dir='ltr'>interiore</span> <span class='ocrx_word' id='word_1_121' title='bbox 977 1429 1121 1469; x_wconf 89' lang='lat' dir='ltr'>lamina</span> <span class='ocrx_word' id='word_1_122' title='bbox 1153 1430 1374 1481; x_wconf 85' lang='lat' dir='ltr'>petaloidea</span> <span class='ocrx_word' id='word_1_123' title='bbox 1407 1431 1586 1470; x_wconf 86' lang='lat' dir='ltr'>indutum</span> 
     </span>
     <span class='ocr_line' id='line_1_18' title="bbox 247 1505 1582 1559; baseline -0.001 -11"><span class='ocrx_word' id='word_1_124' title='bbox 247 1512 287 1548; x_wconf 88' lang='lat' dir='ltr'>et</span> <span class='ocrx_word' id='word_1_125' title='bbox 315 1509 400 1559; x_wconf 89' lang='lat' dir='ltr'>ejus</span> <span class='ocrx_word' id='word_1_126' title='bbox 429 1519 506 1558; x_wconf 89' lang='lat' dir='ltr'>ope</span> <span class='ocrx_word' id='word_1_127' title='bbox 531 1505 806 1545; x_wconf 85' lang='lat' dir='ltr'><strong>combinatum.</strong></span> <span class='ocrx_word' id='word_1_128' title='bbox 843 1506 1019 1546; x_wconf 91' lang='lat' dir='ltr'>Elisione</span> <span class='ocrx_word' id='word_1_129' title='bbox 1047 1506 1206 1546; x_wconf 85' lang='lat' dir='ltr'>alterius</span> <span class='ocrx_word' id='word_1_130' title='bbox 1234 1520 1270 1547; x_wconf 91' lang='lat' dir='ltr'>v.</span> <span class='ocrx_word' id='word_1_131' title='bbox 1297 1507 1399 1547; x_wconf 89' lang='lat' dir='ltr'>infra</span> <span class='ocrx_word' id='word_1_132' title='bbox 1416 1509 1582 1559; x_wconf 82' lang='lat' dir='ltr'>append.</span> 
     </span>
     <span class='ocr_line' id='line_1_19' title="bbox 247 1583 1585 1638; baseline 0 -14"><span class='ocrx_word' id='word_1_133' title='bbox 247 1585 298 1624; x_wconf 89' lang='lat' dir='ltr'>ad</span> <span class='ocrx_word' id='word_1_134' title='bbox 324 1583 465 1638; x_wconf 65' lang='grc' dir='ltr'>ι8,.28.)</span> <span class='ocrx_word' id='word_1_135' title='bbox 500 1583 594 1623; x_wconf 89' lang='lat' dir='ltr'>loco</span> <span class='ocrx_word' id='word_1_136' title='bbox 631 1584 799 1622; x_wconf 87' lang='lat' dir='ltr'>duorum</span> <span class='ocrx_word' id='word_1_137' title='bbox 832 1584 1060 1635; x_wconf 89' lang='lat' dir='ltr'>phyllorum</span> <span class='ocrx_word' id='word_1_138' title='bbox 1094 1597 1214 1623; x_wconf 91' lang='lat' dir='ltr'>unum</span> <span class='ocrx_word' id='word_1_139' title='bbox 1250 1584 1388 1624; x_wconf 86' lang='lat' dir='ltr'>adesse</span> <span class='ocrx_word' id='word_1_140' title='bbox 1422 1589 1585 1638; x_wconf 84' lang='lat' dir='ltr'>putave-</span> 
     </span>
    </p>
   </div>
   <div class='ocr_carea' id='block_1_5' title="bbox 246 1653 1651 1712">
    <p class='ocr_par' dir='ltr' id='par_1_5' title="bbox 246 1653 1651 1712">
     <span class='ocr_line' id='line_1_20' title="bbox 246 1653 1651 1712; baseline -0.001 -10"><span class='ocrx_word' id='word_1_141' title='bbox 246 1662 332 1702; x_wconf 87' lang='lat' dir='ltr'>rim.</span> <span class='ocrx_word' id='word_1_142' title='bbox 389 1662 476 1701; x_wconf 87' lang='lat' dir='ltr'>Cfr.</span> <span class='ocrx_word' id='word_1_143' title='bbox 496 1661 532 1699; x_wconf 88' lang='lat' dir='ltr'>J.</span> <span class='ocrx_word' id='word_1_144' title='bbox 562 1660 775 1711; x_wconf 90' lang='lat' dir='ltr'>Roeperi</span> <span class='ocrx_word' id='word_1_145' title='bbox 801 1660 1033 1700; x_wconf 89' lang='lat' dir='ltr'>libellum</span> <span class='ocrx_word' id='word_1_146' title='bbox 1062 1661 1332 1712; x_wconf 84' lang='lat' dir='ltr'>elegantem</span> <span class='ocrx_word' id='word_1_147' title='bbox 1360 1662 1416 1701; x_wconf 88' lang='lat' dir='ltr'>de</span> <span class='ocrx_word' id='word_1_148' title='bbox 1445 1662 1585 1701; x_wconf 87' lang='lat' dir='ltr'>flori-</span> <span class='ocrx_word' id='word_1_149' title='bbox 1649 1653 1651 1656; x_wconf 36' lang='lat'><strong><em>¹</em></strong></span> 
     </span>
    </p>
   </div>
   <div class='ocr_carea' id='block_1_6' title="bbox 243 1737 1581 2086">
    <p class='ocr_par' dir='ltr' id='par_1_6' title="bbox 243 1737 1581 2086">
     <span class='ocr_line' id='line_1_21' title="bbox 244 1737 1580 1779; baseline 0.001 -1"><span class='ocrx_word' id='word_1_150' title='bbox 244 1739 334 1778; x_wconf 90' lang='lat' dir='ltr'>bus</span> <span class='ocrx_word' id='word_1_151' title='bbox 371 1742 417 1778; x_wconf 88' lang='lat' dir='ltr'>et</span> <span class='ocrx_word' id='word_1_152' title='bbox 451 1737 801 1777; x_wconf 73' lang='lat' dir='ltr'>affinitatibus</span> <span class='ocrx_word' id='word_1_153' title='bbox 829 1738 1253 1777; x_wconf 87' lang='lat' dir='ltr'>Balsaminearum</span> <span class='ocrx_word' id='word_1_154' title='bbox 1280 1739 1424 1778; x_wconf 88' lang='lat' dir='ltr'>Basil.</span> <span class='ocrx_word' id='word_1_155' title='bbox 1462 1738 1580 1779; x_wconf 81' lang='lat'>1830.</span> 
     </span>
     <span class='ocr_line' id='line_1_22' title="bbox 244 1814 1580 1867; baseline 0 -12"><span class='ocrx_word' id='word_1_156' title='bbox 244 1829 320 1855; x_wconf 87' lang='lat' dir='ltr'>nec</span> <span class='ocrx_word' id='word_1_157' title='bbox 346 1828 427 1855; x_wconf 87' lang='lat' dir='ltr'>non</span> <span class='ocrx_word' id='word_1_158' title='bbox 456 1828 555 1867; x_wconf 87' lang='lat' dir='ltr'>quae</span> <span class='ocrx_word' id='word_1_159' title='bbox 591 1815 694 1854; x_wconf 88' lang='lat' dir='ltr'>inter</span> <span class='ocrx_word' id='word_1_160' title='bbox 728 1816 834 1854; x_wconf 86' lang='lat' dir='ltr'>huno</span> <span class='ocrx_word' id='word_1_161' title='bbox 862 1819 901 1854; x_wconf 88' lang='lat' dir='ltr'>et</span> <span class='ocrx_word' id='word_1_162' title='bbox 928 1814 1227 1866; x_wconf 87' lang='lat' dir='ltr'>Agardhium</span> <span class='ocrx_word' id='word_1_163' title='bbox 1262 1815 1450 1854; x_wconf 85' lang='lat' dir='ltr'>ventilata</span> <span class='ocrx_word' id='word_1_164' title='bbox 1478 1821 1580 1865; x_wconf 84' lang='lat' dir='ltr'>sunt,</span> 
     </span>
     <span class='ocr_line' id='line_1_23' title="bbox 246 1891 1581 1945; baseline -0.001 -14"><span class='ocrx_word' id='word_1_165' title='bbox 246 1893 314 1945; x_wconf 92' lang='lat' dir='ltr'>qui</span> <span class='ocrx_word' id='word_1_166' title='bbox 350 1892 616 1931; x_wconf 86' lang='lat' dir='ltr'>Balsamineas</span> <span class='ocrx_word' id='word_1_167' title='bbox 644 1892 944 1943; x_wconf 84' lang='lat' dir='ltr'>Papaveraceis,</span> <span class='ocrx_word' id='word_1_168' title='bbox 990 1891 1253 1931; x_wconf 84' lang='lat' dir='ltr'>Fumariaoeis</span> <span class='ocrx_word' id='word_1_169' title='bbox 1300 1895 1339 1930; x_wconf 88' lang='lat' dir='ltr'>et</span> <span class='ocrx_word' id='word_1_170' title='bbox 1368 1892 1581 1931; x_wconf 86' lang='lat' dir='ltr'>Cruciseris</span> 
     </span>
     <span class='ocr_line' id='line_1_24' title="bbox 246 1967 1579 2020; baseline -0.002 -11"><span class='ocrx_word' id='word_1_171' title='bbox 246 1970 529 2018; x_wconf 83' lang='lat' dir='ltr'>associaverat,</span> <span class='ocrx_word' id='word_1_172' title='bbox 565 1969 607 2008; x_wconf 88' lang='lat' dir='ltr'>in</span> <span class='ocrx_word' id='word_1_173' title='bbox 642 1969 793 2009; x_wconf 87' lang='lat' dir='ltr'>Flora</span> <span class='ocrx_word' id='word_1_174' title='bbox 826 1970 871 2010; x_wconf 87' lang='lat' dir='ltr'>T.</span> <span class='ocrx_word' id='word_1_175' title='bbox 895 1968 958 2009; x_wconf 89' lang='lat'>17.</span> <span class='ocrx_word' id='word_1_176' title='bbox 994 1982 1031 2020; x_wconf 92' lang='lat' dir='ltr'>p.</span> <span class='ocrx_word' id='word_1_177' title='bbox 1055 1968 1119 2008; x_wconf 82' lang='lat'>81.</span> <span class='ocrx_word' id='word_1_178' title='bbox 1153 1969 1218 2009; x_wconf 90' lang='grc'>97.</span> <span class='ocrx_word' id='word_1_179' title='bbox 1247 1969 1291 2007; x_wconf 91' lang='grc' dir='ltr'>Τ.</span> <span class='ocrx_word' id='word_1_180' title='bbox 1321 1967 1384 2008; x_wconf 89' lang='grc'>19.</span> <span class='ocrx_word' id='word_1_181' title='bbox 1419 1982 1458 2019; x_wconf 89' lang='lat' dir='ltr'>p.</span> <span class='ocrx_word' id='word_1_182' title='bbox 1489 1967 1579 2008; x_wconf 87' lang='lat'>193.</span> 
     </span>
     <span class='ocr_line' id='line_1_25' title="bbox 243 2045 461 2086; baseline -0.014 0"><span class='ocrx_word' id='word_1_183' title='bbox 243 2047 337 2086; x_wconf 80' lang='lat'>209.</span> <span class='ocrx_word' id='word_1_184' title='bbox 366 2045 461 2086; x_wconf 82' lang='lat'>241.</span> 
     </span>
    </p>
   </div>
   <div class='ocr_carea' id='block_1_7' title="bbox 243 2143 1583 2663">
    <p class='ocr_par' dir='ltr' id='par_1_7' title="bbox 243 2143 1583 2663">
     <span class='ocr_line' id='line_1_26' title="bbox 355 2143 1581 2199; baseline 0 -15"><span class='ocrx_word' id='word_1_185' title='bbox 355 2146 519 2185; x_wconf 81' lang='lat' dir='ltr'>Corolia</span> <span class='ocrx_word' id='word_1_186' title='bbox 534 2146 686 2186; x_wconf 86' lang='lat' dir='ltr'>labiosa</span> <span class='ocrx_word' id='word_1_187' title='bbox 712 2147 868 2199; x_wconf 85' lang='lat' dir='ltr'>polyg</span> <span class='ocrx_word' id='word_1_188' title='bbox 880 2146 1013 2186; x_wconf 86' lang='lat' dir='ltr'>aliua</span> <span class='ocrx_word' id='word_1_189' title='bbox 1042 2149 1102 2185; x_wconf 84' lang='lat' dir='ltr'>est</span> <span class='ocrx_word' id='word_1_190' title='bbox 1128 2143 1279 2185; x_wconf 87' lang='lat' dir='ltr'>corolla</span> <span class='ocrx_word' id='word_1_191' title='bbox 1292 2158 1462 2196; x_wconf 87' lang='lat' dir='ltr'>superne</span> <span class='ocrx_word' id='word_1_192' title='bbox 1479 2146 1581 2194; x_wconf 82' lang='lat' dir='ltr'>fissa,</span> 
     </span>
     <span class='ocr_line' id='line_1_27' title="bbox 245 2222 1583 2275; baseline -0.002 -12"><span class='ocrx_word' id='word_1_193' title='bbox 245 2224 336 2263; x_wconf 85' lang='lat' dir='ltr'>hinc</span> <span class='ocrx_word' id='word_1_194' title='bbox 370 2224 618 2275; x_wconf 72' lang='lat' dir='ltr'>hemipetala.</span> <span class='ocrx_word' id='word_1_195' title='bbox 673 2224 837 2263; x_wconf 89' lang='lat' dir='ltr'>Labium</span> <span class='ocrx_word' id='word_1_196' title='bbox 871 2223 1053 2275; x_wconf 86' lang='lat' dir='ltr'>superius</span> <span class='ocrx_word' id='word_1_197' title='bbox 1088 2223 1302 2274; x_wconf 88' lang='lat' dir='ltr'>diphyllum</span> <span class='ocrx_word' id='word_1_198' title='bbox 1335 2234 1406 2261; x_wconf 85' lang='lat' dir='ltr'>seu</span> <span class='ocrx_word' id='word_1_199' title='bbox 1434 2222 1583 2273; x_wconf 83' lang='lat' dir='ltr'>dipeta-</span> 
     </span>
     <span class='ocr_line' id='line_1_28' title="bbox 244 2299 1583 2354; baseline -0.003 -13"><span class='ocrx_word' id='word_1_200' title='bbox 244 2302 336 2350; x_wconf 91' lang='lat' dir='ltr'>lum,</span> <span class='ocrx_word' id='word_1_201' title='bbox 367 2302 416 2340; x_wconf 90' lang='lat' dir='ltr'>ad</span> <span class='ocrx_word' id='word_1_202' title='bbox 443 2302 567 2341; x_wconf 82' lang='lat' dir='ltr'>latera</span> <span class='ocrx_word' id='word_1_203' title='bbox 593 2302 778 2354; x_wconf 87' lang='lat' dir='ltr'>utrinque</span> <span class='ocrx_word' id='word_1_204' title='bbox 807 2305 1018 2341; x_wconf 74' lang='lat' dir='ltr'>connatam</span> <span class='ocrx_word' id='word_1_205' title='bbox 1047 2314 1134 2340; x_wconf 89' lang='lat' dir='ltr'>cum</span> <span class='ocrx_word' id='word_1_206' title='bbox 1161 2300 1265 2339; x_wconf 88' lang='lat' dir='ltr'>labio</span> <span class='ocrx_word' id='word_1_207' title='bbox 1294 2299 1500 2346; x_wconf 73' lang='lat' dir='ltr'>inferiore3</span> <span class='ocrx_word' id='word_1_208' title='bbox 1527 2299 1583 2337; x_wconf 90' lang='lat' dir='ltr'>la-</span> 
     </span>
     <span class='ocr_line' id='line_1_29' title="bbox 244 2376 1579 2433; baseline -0.002 -16"><span class='ocrx_word' id='word_1_209' title='bbox 244 2379 351 2417; x_wconf 90' lang='lat' dir='ltr'>bium</span> <span class='ocrx_word' id='word_1_210' title='bbox 386 2377 550 2433; x_wconf 82' lang='lat' dir='ltr'>inferius</span> <span class='ocrx_word' id='word_1_211' title='bbox 585 2379 833 2430; x_wconf 86' lang='lat' dir='ltr'>triphyllum,</span> <span class='ocrx_word' id='word_1_212' title='bbox 871 2378 1015 2430; x_wconf 88' lang='lat' dir='ltr'>phyllis</span> <span class='ocrx_word' id='word_1_213' title='bbox 1049 2377 1226 2416; x_wconf 89' lang='lat' dir='ltr'>omnibus</span> <span class='ocrx_word' id='word_1_214' title='bbox 1265 2377 1348 2415; x_wconf 85' lang='lat' dir='ltr'>basi</span> <span class='ocrx_word' id='word_1_215' title='bbox 1388 2376 1579 2415; x_wconf 87' lang='lat' dir='ltr'>connatis.</span> 
     </span>
     <span class='ocr_line' id='line_1_30' title="bbox 243 2453 1581 2506; baseline -0.003 -11"><span class='ocrx_word' id='word_1_216' title='bbox 243 2455 468 2495; x_wconf 86' lang='lat' dir='ltr'>Referenda</span> <span class='ocrx_word' id='word_1_217' title='bbox 496 2455 614 2506; x_wconf 84' lang='lat' dir='ltr'>igitur</span> <span class='ocrx_word' id='word_1_218' title='bbox 648 2456 697 2494; x_wconf 87' lang='lat' dir='ltr'>ad</span> <span class='ocrx_word' id='word_1_219' title='bbox 725 2456 916 2495; x_wconf 87' lang='lat' dir='ltr'>corollam</span> <span class='ocrx_word' id='word_1_220' title='bbox 944 2455 1126 2495; x_wconf 85' lang='lat' dir='ltr'>labiatam</span> <span class='ocrx_word' id='word_1_221' title='bbox 1164 2458 1204 2494; x_wconf 91' lang='lat' dir='ltr'>et</span> <span class='ocrx_word' id='word_1_222' title='bbox 1231 2453 1346 2504; x_wconf 85' lang='lat' dir='ltr'>calyx</span> <span class='ocrx_word' id='word_1_223' title='bbox 1376 2453 1581 2500; x_wconf 79' lang='lat' dir='ltr'>convenit3</span> 
     </span>
     <span class='ocr_line' id='line_1_31' title="bbox 243 2529 1580 2585; baseline -0.003 -14"><span class='ocrx_word' id='word_1_224' title='bbox 243 2533 381 2585; x_wconf 88' lang='lat' dir='ltr'>phylla</span> <span class='ocrx_word' id='word_1_225' title='bbox 409 2532 512 2572; x_wconf 89' lang='lat' dir='ltr'>enim</span> <span class='ocrx_word' id='word_1_226' title='bbox 539 2532 615 2571; x_wconf 86' lang='lat' dir='ltr'>tria</span> <span class='ocrx_word' id='word_1_227' title='bbox 642 2533 851 2583; x_wconf 87' lang='lat' dir='ltr'>superiora</span> <span class='ocrx_word' id='word_1_228' title='bbox 866 2532 1025 2583; x_wconf 86' lang='lat' dir='ltr'>calycis‚</span> <span class='ocrx_word' id='word_1_229' title='bbox 1053 2545 1142 2571; x_wconf 87' lang='lat' dir='ltr'>cum</span> <span class='ocrx_word' id='word_1_230' title='bbox 1169 2529 1315 2582; x_wconf 87' lang='lat' dir='ltr'>phyllis</span> <span class='ocrx_word' id='word_1_231' title='bbox 1344 2530 1496 2569; x_wconf 86' lang='lat' dir='ltr'>duobus</span> <span class='ocrx_word' id='word_1_232' title='bbox 1523 2529 1580 2568; x_wconf 85' lang='lat' dir='ltr'>la-</span> 
     </span>
     <span class='ocr_line' id='line_1_32' title="bbox 244 2607 1579 2663; baseline -0.004 -13"><span class='ocrx_word' id='word_1_233' title='bbox 244 2611 298 2650; x_wconf 88' lang='lat' dir='ltr'>bii</span> <span class='ocrx_word' id='word_1_234' title='bbox 329 2610 545 2663; x_wconf 85' lang='lat' dir='ltr'>superioris</span> <span class='ocrx_word' id='word_1_235' title='bbox 575 2609 752 2650; x_wconf 86' lang='lat' dir='ltr'>corollae</span> <span class='ocrx_word' id='word_1_236' title='bbox 781 2610 994 2659; x_wconf 86' lang='lat' dir='ltr'>alternant,</span> <span class='ocrx_word' id='word_1_237' title='bbox 1030 2608 1167 2661; x_wconf 88' lang='lat' dir='ltr'>phylla</span> <span class='ocrx_word' id='word_1_238' title='bbox 1193 2608 1272 2646; x_wconf 91' lang='lat' dir='ltr'>duo</span> <span class='ocrx_word' id='word_1_239' title='bbox 1301 2607 1488 2647; x_wconf 84' lang='lat' dir='ltr'>inferiora</span> <span class='ocrx_word' id='word_1_240' title='bbox 1516 2618 1579 2644; x_wconf 84' lang='lat' dir='ltr'>ca-</span> 
     </span>
    </p>
   </div>
  </div>
 </body>
</html>
