1682 2938
363 233 631 284 Pedunculus,
677 235 746 287 qui
773 249 796 275 e
825 236 947 276 caulis
983 236 1195 277 abbreviati
1221 235 1368 285 medio,
1409 249 1430 275 e
1460 248 1594 276 cormo

256 315 323 350 aut
339 311 551 351 rhizomate
567 311 700 363 prodit
728 324 747 352 s
760 325 781 351 c
790 325 845 364 ap
854 326 881 352 u
891 325 911 352 s
939 317 1115 363 vocatur,
1144 313 1313 353 termino
1340 327 1363 352 a
1378 312 1431 352 Li
1441 325 1467 352 n
1476 326 1502 352 n
1511 326 1596 353 aeo

255 386 426 438 primum
439 387 594 428 usitato.
650 389 867 429 Pecunduli
899 403 952 430 ra
962 390 1093 430 dical
1106 403 1126 429 e
1137 403 1156 429 s
1186 403 1236 429 ex
1253 390 1383 429 axillis
1412 390 1598 429 foliorum

257 449 487 504 radicalium
515 465 638 505 caulis
662 466 877 506 abbreviati
902 467 1111 518 prodeunt.
1166 466 1507 508 Primula‘elatior
1532 467 1600 505 lia-

257 540 325 580 bet
351 553 532 593 scapum,
560 543 622 584 Pr.
650 543 799 582 acaulis
821 556 918 584 vero
944 543 1192 595 pedunculos
1222 543 1427 584 radicales.

364 640 626 691 pedunculus,
653 653 725 681 seu
751 642 882 693 potius
909 643 1047 693 rachis,
1073 642 1115 682 in
1134 643 1383 682 Graminibus
1399 655 1481 682 non
1507 654 1600 682 raro

261 715 490 756 articulatus
520 721 598 766 est,
627 718 779 757 caulem
806 719 963 759 imitans
991 718 1046 772 (§.
1063 719 1163 768 60.).
1217 720 1419 759 Interdum
1443 718 1602 758 articuli
1664 705 1669 742 ,¹

261 779 451 833 soldbiles
479 798 570 834 sunt
596 794 638 834 in
664 795 799 846 planta
826 797 933 836 sicca
959 800 1004 836 ut
1034 797 1074 836 in
1099 796 1236 836 Secale
1269 796 1399 847 fragili
1425 796 1600 848 aliisque.

261 870 369 909 Haec
397 870 545 911 solutio
573 875 641 911 aut
668 872 740 911 sub
770 871 922 924 spicula
955 877 1023 913 aut
1055 887 1174 926 supra
1208 873 1398 925 spiculam
1424 872 1512 911 fieri
1539 884 1602 910 so-
1666 900 1667 911 ,

259 945 332 994 let,
375 948 482 999 quod
517 961 651 987 ausam
678 950 860 1000 praebuit
886 950 973 990 viro
1003 951 1051 991 cl.
1081 951 1284 990 Trinius
1313 950 1461 1001 spicam
1489 961 1511 987 a
1540 961 1603 987 ca-

261 1022 389 1062 duceo
426 1024 690 1076 distinguendi
725 1026 822 1075 (De
856 1027 1052 1077 gramin.
1088 1027 1229 1066 unifl.
1257 1026 1355 1075 46.).
1412 1026 1457 1065 In
1485 1025 1604 1064 cadu-

263 1112 348 1148 ceo,
376 1104 515 1151 utpote
544 1101 672 1140 forma
698 1101 867 1152 vulgata,
897 1103 1024 1142 rachis
1051 1107 1202 1143 tantum
1230 1104 1279 1143 ad
1306 1102 1497 1154 spiculam
1525 1100 1604 1141 sol-

262 1176 385 1226 vitur,
412 1190 489 1217 nec
517 1177 671 1229 spicula
698 1177 872 1218 insidens
900 1179 1163 1230 (Hordeum),
1204 1180 1245 1218 in
1272 1179 1381 1230 spica
1417 1190 1513 1218 vero
1542 1181 1602 1216 ut-

262 1258 360 1304 pote
392 1254 519 1293 forma
543 1255 696 1294 rariore
724 1255 954 1305 (Psilurus)‚
983 1269 1073 1295 cum
1098 1255 1206 1295 rachi
1228 1255 1343 1294 simul
1359 1253 1509 1305 spicula
1536 1266 1603 1304 ap-

263 1331 396 1381 posita
423 1331 608 1382 solvitur,
636 1332 728 1372 hinc
757 1345 847 1372 cum
874 1333 1041 1372 racheos
1068 1332 1153 1371 basi
1180 1332 1340 1371 secedit.
1398 1329 1603 1381 Singulare

265 1412 326 1448 est
354 1408 396 1447 in
425 1408 676 1449 Graminibus
705 1410 904 1448 bracteam
932 1410 1004 1448 sub
1038 1408 1199 1460 spiculis
1227 1407 1432 1460 pedicellis
1459 1418 1607 1446 ramas-

265 1484 388 1524 trisve
409 1485 530 1536 vulgo
560 1485 741 1535 deficere,
768 1486 896 1525 rarius
911 1486 1048 1525 adesse
1063 1485 1272 1536 (Lolium),
1285 1484 1482 1524 interdum
1507 1495 1604 1523 vero

264 1561 307 1600 in
335 1563 420 1613 ejus
456 1562 590 1602 locum
626 1563 783 1602 dentem
817 1563 985 1602 racheos
1020 1562 1199 1601 substitui
1234 1560 1476 1611 (Triticum).
1530 1558 1607 1598 Ra-

265 1639 349 1679 chis
378 1640 428 1678 ad
456 1639 646 1691 spiculas‚
686 1639 903 1690 pedicellos
932 1643 971 1679 et
997 1641 1187 1678 ramastra
1213 1637 1439 1688 saepissime
1475 1635 1608 1675 excisa

268 1720 347 1765 est,
389 1721 457 1756 aut
485 1717 667 1757 excisura
700 1716 819 1756 unica
854 1729 929 1767 pro
958 1720 1152 1755 ramastro
1179 1715 1486 1764 (Festucaceae‚
1509 1712 1608 1763 juba

269 1792 421 1845 Trin.)
456 1797 523 1832 aut
549 1780 729 1845 pluribus
756 1806 830 1845 pro
858 1792 1061 1832 ramastris
1096 1791 1275 1843 pluribus
1315 1789 1608 1841 (Bromoideae‚

268 1870 453 1922 panicula
482 1870 645 1920 Trin.).
699 1870 745 1909 In
770 1869 830 1909 his
858 1873 1089 1909 ramastrum
1117 1867 1344 1919 prim21rium
1372 1867 1521 1916 deficit,
1546 1879 1610 1905 ra·-

268 1947 385 1987 mulis
413 1961 492 1988 una
519 1946 855 1999 provenientibus.

377 2046 598 2086 Pedunculi
632 2044 958 2085 subterranei
992 2044 1034 2083 in
1060 2044 1177 2085 variis
1205 2042 1348 2095 plantis
1377 2055 1409 2081 e.
1439 2054 1494 2092 g.‚
1537 2041 1610 2079 La-

270 2124 388 2175 thyro
424 2123 676 2175 amphicarpo
711 2122 858 2162 Arachi
892 2122 1096 2173 hypogaea
1129 2120 1293 2172 aliisque
1331 2132 1352 2158 e
1389 2117 1501 2157 caule
1537 2117 1610 2156 sub

269 2204 377 2240 terra
411 2204 641 2251 erumpunt,
681 2200 801 2239 flores
827 2198 970 2237 ibidem
997 2198 1206 2248 proferunt
1240 2200 1279 2235 et
1306 2196 1459 2234 fructus
1487 2197 1612 2233 matu-

270 2281 371 2317 rant.
438 2275 519 2316 Alii
559 2276 774 2328 pedunculi
815 2279 960 2315 terram
999 2277 1092 2326 post
1131 2272 1420 2312 florescentiam
1465 2270 1612 2310 intrant

270 2354 404 2407 ibique
458 2354 611 2393 fructus
662 2356 861 2392 maturant
915 2364 948 2390 e.
1006 2363 1042 2402 g.
1099 2349 1140 2388 in
1195 2347 1362 2388 Trifolio
1417 2347 1612 2387 subterra-

269 2443 347 2472 neo
377 2434 449 2471 etc.

381 2517 600 2558 Pedunculi
625 2517 858 2570 plerumque
896 2516 956 2556 uti
989 2516 1087 2555 rami
1117 2514 1298 2566 juniores
1333 2510 1479 2550 virides
1508 2513 1609 2551 sunt.

272 2595 471 2636 Interdum
497 2599 673 2636 teneram
700 2594 956 2635 substantiam
984 2592 1158 2634 corollae
1188 2594 1229 2631 et
1256 2588 1433 2629 colorem
1460 2585 1612 2626 imitan-
