1682 2938
886 105 970 148 184

254 215 332 255 lav.
361 212 488 265 1830,
516 213 736 267 descripsit.
800 216 861 256 De
898 216 1006 256 hisce
1044 215 1198 256 cellulis
1221 217 1306 268 jam
1332 228 1452 268 supra
1477 214 1513 270 §.
1530 215 1594 258 50.

256 291 406 331 dictum
434 294 505 331 est.
563 290 827 332 Antherarum
864 293 1030 333 cellulas
1066 293 1231 333 fibrosas
1268 306 1425 346 quoque
1453 293 1597 333 descri-

255 367 337 420 psit
379 372 419 407 et
460 372 580 407 strata
623 369 665 408 in
701 370 873 410 antheris
901 370 1125 410 Palmarum
1160 370 1345 410 indicavit
1379 370 1597 410 Mohlius

254 444 340 495 (de
367 444 568 485 Palmar.
598 450 839 486 structur.
867 448 1124 499 p.XXXV1.
1155 452 1181 487 t.
1211 448 1268 487 M.
1298 449 1323 487 f.
1340 447 1379 487 4.
1408 447 1479 495 5.).
1534 446 1600 486 Fi-

254 522 350 562 brae
378 507 543 574 spirales
572 527 665 563 sunt
693 524 778 563 sine
807 525 939 564 dubio.
1000 525 1093 564 Vidi
1129 538 1286 577 quoque
1314 525 1453 564 harum
1483 524 1599 563 fibra-

253 611 343 638 rum
370 612 475 639 nexu
503 613 614 639 areas
643 600 873 640 cellularum
902 603 1031 641 forma
1058 614 1145 642 esse
1175 602 1426 650 constitutas,
1472 600 1599 652 parie-

254 675 359 715 tibus
387 689 469 716 non
498 677 736 728 conspicuis,
766 682 832 718 aut
861 678 1022 718 omnino
1051 679 1332 727 deficientibus,
1361 683 1428 717 aut
1454 676 1600 716 tenuis-

252 752 360 792 simis
395 758 440 792 ut
475 753 516 792 in
549 754 730 804 Lobelia,
774 756 1021 806 Oenothera,
1063 755 1316 795 Calceolaria.
1378 754 1472 793 Non
1505 766 1598 793 raro

254 842 413 882 quoque
443 829 486 869 in
511 830 572 869 his
601 835 640 870 et
668 831 754 871 aliis
776 831 817 870 in
833 831 997 883 spirales
1017 832 1223 872 devolutas
1251 832 1342 871 vidi.
1396 832 1597 871 Interdum

254 907 418 946 cellulas
446 907 614 946 fibrosas
643 920 725 947 non
753 908 924 958 invenio,
952 909 1022 948 sed
1046 909 1187 948 horum
1213 908 1306 948 loco
1335 908 1498 947 cellulas
1529 921 1598 959 pa-

254 983 418 1023 rietibus
445 983 560 1024 valde
588 984 701 1023 flexis
730 989 774 1024 ut
801 985 841 1024 in
863 984 992 1024 Erica.
1049 985 1236 1038 Sequitur
1259 985 1416 1025 tertium
1431 989 1597 1025 stratum

256 1064 297 1100 et
325 1060 483 1113 quidem
511 1060 689 1100 intimum
717 1074 738 1100 e
767 1059 921 1100 cellulis
950 1073 1032 1099 non
1058 1061 1214 1101 fibrosis
1243 1067 1445 1112 constans,
1480 1063 1599 1101 inter-

254 1137 347 1176 dum
376 1149 554 1176 crassum
581 1142 625 1176 ut
653 1137 694 1176 in
718 1137 831 1187 Lilio,
861 1137 1013 1190 Tulipa,
1042 1138 1236 1178 interdum
1263 1143 1391 1188 tenue,
1420 1139 1514 1191 quin
1542 1142 1600 1178 te-

252 1214 487 1255 nuissimum
514 1218 559 1254 ut
587 1214 628 1254 in
657 1215 895 1256 Oenothera.

363 1324 684 1377 Anamorphoses
719 1326 971 1366 antherarum
1014 1326 1145 1366 variae
1189 1330 1291 1366 sunt.
1363 1325 1494 1364 Prima
1529 1329 1601 1373 est,

254 1414 356 1454 quae
384 1402 425 1441 in
454 1403 768 1452 Cucurbitaceis,
809 1415 841 1443 e.
870 1416 905 1454 g.
936 1403 976 1442 in
1005 1404 1226 1443 Cucumere
1256 1402 1442 1442 occurrit.
1497 1401 1602 1441 Fila·
1673 1395 1677 1401 ⁴

253 1482 389 1518 menta
414 1479 492 1519 tria
521 1492 689 1520 carnosa
718 1492 852 1520 crassa
880 1494 902 1520 e
919 1480 1093 1520 corollae
1108 1480 1251 1532 pagina
1267 1480 1453 1519 interiore
1468 1479 1600 1518 oriun-

253 1560 336 1604 tur;
364 1556 561 1608 singulum
591 1570 762 1609 superne
791 1557 833 1596 in
857 1557 1014 1598 cristam
1034 1562 1187 1597 acutam
1202 1557 1453 1597 lacinulatam
1468 1555 1602 1596 termi-
1678 1574 1680 1578 ·

252 1638 384 1684 natur,
422 1648 511 1674 cum
540 1634 731 1686 appositis
760 1635 909 1674 duabus
942 1639 1162 1674 connatam.
1219 1633 1280 1673 Ad
1316 1635 1419 1674 latus
1455 1647 1602 1674 conne-

254 1711 440 1751 cticulum
476 1712 557 1751 exit
593 1723 821 1760 carnosum,
866 1711 908 1750 in
941 1711 1151 1762 superficie
1195 1715 1361 1750 externa
1401 1712 1601 1750 antheram

252 1792 425 1840 portans,
452 1792 525 1837 ter,
553 1801 710 1828 sursum
739 1792 780 1827 et
808 1789 1003 1836 deorsum,
1032 1789 1189 1827 flexam.
1226 1787 1402 1826 Alteram
1417 1788 1456 1826 in
1474 1789 1601 1827 Theo-

252 1866 415 1918 phrasta
453 1865 651 1915 videmus,
691 1865 760 1904 ubi
793 1865 991 1904 filamenta
1027 1865 1199 1917 quinque
1243 1864 1418 1903 corollae
1459 1865 1601 1903 adnata

255 1942 575 1983 connecticulum
603 1941 799 1981 sustinent
816 1955 1035 1991 carnosum,
1053 1941 1303 1993 triangulare,
1332 1941 1372 1980 in
1387 1941 1529 1992 pagina
1543 1941 1602 1980 in-

254 2020 401 2060 feriore
429 2020 587 2060 loculos
617 2020 717 2059 duos
747 2020 931 2059 antherae
965 2022 1166 2071 separatos
1202 2018 1409 2057 sustinens.
1468 2017 1602 2057 Tertia

254 2100 313 2136 est
340 2097 381 2136 in
409 2095 686 2137 Aristolochia.
743 2096 1003 2136 Filamentum
1027 2095 1137 2147 apice
1160 2095 1372 2144 dilatatum,
1401 2094 1505 2147 stylo
1534 2094 1602 2133 ad-

253 2177 389 2213 natum
417 2174 458 2212 in
493 2175 614 2215 dorso
644 2173 813 2214 sustinet
839 2173 997 2213 loculos
1025 2173 1126 2212 duos
1160 2173 1362 2220 antherae,
1401 2170 1600 2211 connecti-

255 2250 347 2290 culo
375 2250 516 2290 lineari
543 2252 697 2291 affixos.
755 2253 906 2303 Quarta
940 2254 979 2289 et
1012 2249 1149 2302 quinta
1185 2254 1245 2289 est
1279 2250 1320 2288 in
1354 2244 1600 2299 androstylio

255 2327 543 2368 Orchidearum
599 2332 638 2369 et
694 2327 926 2380 stylostegia
987 2325 1359 2378 Asdepiadearum,
1422 2325 1470 2364 de
1518 2324 1604 2377 qui·

255 2405 330 2445 bus
360 2418 397 2445 v.
427 2404 452 2445 i.

363 2502 540 2544 Anthera
563 2502 765 2555 antholysi
792 2516 912 2556 saepe
949 2503 991 2542 in
1018 2502 1212 2555 petalum,
1255 2506 1339 2541 tum
1374 2512 1532 2552 quoque
1560 2498 1600 2537 in

256 2580 396 2622 folium
422 2579 575 2631 mutari,
602 2592 722 2632 supra
749 2580 898 2620 dictum
926 2583 995 2620 est.
1054 2582 1182 2632 Quam
1200 2579 1250 2619 ob
1277 2591 1434 2619 causam
1451 2576 1599 2617 Aucto-
