1682 2938
891 117 973 160 136

374 228 436 268 De
475 228 807 269 aestivatione
850 228 1027 268 corollae
1068 240 1139 268 seu
1178 228 1480 281 complicatione
1515 234 1604 270 ante

268 305 554 345 florescentiam
575 307 658 357 jam
686 319 806 357 supra
821 303 855 359 ξ.
875 304 967 345 137,
997 305 1143 344 dictum
1173 309 1251 354 est,
1279 306 1346 344 ubi
1374 307 1422 345 de
1451 306 1605 358 perigo-

268 381 337 421 nio
365 382 406 421 in
434 395 579 434 genere
603 394 734 421 sermo
764 386 859 422 erat.
914 383 985 421 Est
1003 382 1251 431 collateralis,
1282 396 1381 435 quae
1411 396 1500 422 cum
1526 382 1608 423 val-

268 472 391 498 vacea
417 472 500 498 non
528 458 717 498 confundi
746 459 873 509 debet,
901 458 1088 498 valvacea
1116 464 1155 499 et
1181 459 1396 508 imbricata,
1428 459 1492 498 cui
1517 458 1608 498 addi

267 540 400 588 potest
428 536 703 585 subvalvacea,
742 549 774 575 e.
805 549 840 587 g.
871 535 912 574 in
937 535 1169 585 Cruciferis,
1198 536 1238 575 in
1267 536 1408 588 quibus
1435 536 1608 587 petalum

268 612 432 652 interius
458 612 632 664 positum
660 616 738 661 est,
774 612 936 664 reliquis
964 612 1195 661 imbricatis,
1240 627 1330 652 cum
1358 613 1399 652 in
1425 613 1611 653 valvacea

268 702 391 728 unum
417 689 592 740 petalum
620 689 805 728 extimum
833 701 1032 741 unumque
1061 689 1238 728 intimum
1267 691 1326 730 sit.
1383 691 1427 730 In
1459 690 1610 730 corolla

269 766 414 806 labiata
440 767 586 806 labium
608 765 789 817 superius
818 766 1067 817 amplectitur
1094 766 1265 815 inferius,
1295 767 1337 806 in
1366 767 1517 806 corolla
1542 780 1610 818 pa-

270 843 495 895 pilionacea
521 842 710 882 vexillum
748 842 829 882 alas
859 846 897 882 et
925 843 1115 890 carinam,
1158 846 1203 882 ut
1232 842 1351 894 igitur
1381 848 1420 883 et
1444 845 1520 883 hoc
1547 857 1611 883 re-

271 924 412 971 spectu
442 920 594 959 corolla
621 919 894 971 papilionacea
919 919 969 958 sit
995 919 1148 967 labiata,
1175 920 1244 958 sed
1272 920 1437 960 inversa.
1491 921 1542 960 Et
1568 920 1610 960 in

271 995 516 1047 Pelargoniis
564 1000 679 1048 atque
722 995 869 1044 violis,
922 995 1052 1046 petala
1093 997 1298 1047 superiora
1340 998 1491 1050 reliqua
1541 998 1612 1037 ob-

274 1076 425 1124 tegunt.

382 1159 546 1199 Corolla
571 1158 804 1211 plerumque
833 1158 973 1209 apice
1000 1158 1082 1198 hiat
1116 1171 1186 1198 seu
1214 1161 1456 1211 aperitur,
1500 1161 1613 1212 phyl-

272 1235 321 1275 lis
357 1240 446 1276 ante
481 1235 771 1276 florescentiam
805 1235 978 1275 incurvis
1014 1248 1120 1275 nunc
1162 1236 1322 1285 erectis,
1365 1238 1545 1288 expansis
1574 1241 1613 1276 et

274 1313 472 1353 interdum
499 1313 667 1353 reflexis.
724 1313 842 1364 Quod
869 1325 952 1351 non
979 1324 1135 1363 semper
1159 1313 1201 1351 in
1217 1313 1353 1364 calyce
1382 1314 1470 1353 fieri
1499 1314 1613 1363 solet,

276 1391 388 1441 cujus
416 1390 553 1441 phylla
585 1403 668 1429 non
695 1403 788 1429 raro
818 1389 866 1428 ab
895 1389 1008 1428 initio
1046 1394 1176 1429 erecta
1203 1395 1306 1430 sunt.
1362 1390 1489 1442 Saepe
1518 1403 1615 1443 quo-

277 1480 354 1519 que
389 1466 525 1518 phylla
561 1467 738 1506 corollae
774 1466 949 1517 apicibus
986 1466 1069 1505 fere
1106 1470 1214 1506 recta
1249 1471 1341 1506 sunt
1377 1471 1444 1506 aut
1475 1480 1614 1518 parum

276 1547 454 1593 curvata,
489 1543 675 1582 lateribus
703 1543 823 1594 magis
851 1542 1030 1582 minusve
1060 1541 1296 1583 convolutis.
1352 1543 1454 1582 Illud
1482 1544 1522 1583 in
1550 1540 1617 1583 c'o-

275 1620 388 1660 rollis
422 1619 683 1671 monopetalis
718 1619 804 1659 fieri
839 1619 957 1668 solet,
1001 1620 1144 1658 hocin
1171 1620 1419 1672 polypetalis.
1476 1621 1615 1660 Rarius

274 1697 399 1737 latere
429 1697 582 1736 corolla
608 1696 769 1735 finditur
797 1700 836 1735 et
863 1696 1055 1748 aperitur,
1093 1697 1153 1735 uti
1180 1697 1227 1736 de
1255 1698 1416 1736 corollis
1444 1697 1615 1749 ligulatis

277 1775 609 1814 Cichoracearum
637 1786 757 1825 supra
786 1773 1008 1824 expositum
1031 1777 1099 1812 est.
1138 1773 1240 1812 Sunt
1255 1787 1412 1826 quoque
1430 1774 1616 1823 corollae,

279 1864 381 1904 quae
410 1865 434 1891 a
460 1851 546 1890 basi
570 1851 809 1901 aperiuntur,
838 1850 1013 1901 apicibus
1043 1851 1354 1899 cohaerentibus,
1381 1854 1426 1888 ut
1454 1849 1495 1888 in
1523 1849 1618 1889 Am-

280 1927 447 1980 pelideis
476 1932 514 1966 et
540 1926 826 1975 Fumariaceis,
864 1939 1030 1979 quarum
1057 1926 1185 1978 petala
1212 1927 1363 1965 minora
1391 1926 1502 1977 apice
1529 1939 1617 1965 ver-

280 2018 378 2045 ruca
404 2018 476 2044 seu
503 2004 688 2056 glandula
717 2003 1045 2054 conglutinantur.

390 2103 554 2143 Corolla
580 2104 813 2156 plerumque
828 2106 920 2154 post
942 2102 1118 2153 calycem
1141 2102 1344 2151 excrescit,
1373 2102 1420 2141 ab
1451 2115 1498 2142 eo
1528 2106 1618 2142 ante

282 2181 571 2220 florescentiam
597 2185 713 2230 tecta,
743 2184 827 2219 tum
853 2191 951 2218 vero
973 2182 1087 2218 aucta
1116 2192 1205 2218 eum
1229 2190 1429 2230 superans

394 2278 557 2318 Corolla
584 2279 768 2318 caduca
796 2282 866 2327 est,
895 2290 996 2331 quae
1025 2278 1074 2317 ad
1101 2277 1402 2329 explicationem
1417 2276 1526 2316 floris
1554 2277 1621 2316 de-

287 2355 397 2405 cidit,
426 2356 652 2405 decidua,
688 2369 787 2408 quae
815 2359 907 2407 post
935 2354 1184 2394 emissionem
1211 2353 1370 2406 pollinis
1399 2358 1437 2392 et
1464 2353 1622 2405 quidem

286 2435 428 2483 vegeta
461 2418 541 2471 aut
561 2433 734 2471 marcida
761 2432 975 2481 delabitur,
1009 2431 1289 2483 persistens
1317 2443 1440 2482 usque
1469 2430 1518 2469 ad
1542 2443 1622 2468 ma-

288 2509 486 2548 turitatem
513 2508 689 2559 persistit
717 2512 784 2548 aut
811 2512 952 2560 vegeta
970 2512 1037 2548 aut
1056 2508 1239 2557 marcida,
1267 2510 1486 2557 corrugata,
1516 2517 1622 2544 com-

289 2586 433 2638 plicata
460 2589 527 2626 aut
554 2585 747 2637 explicata
776 2590 815 2626 et
842 2585 1001 2639 quidem
1029 2589 1136 2625 certa
1159 2584 1375 2624 directione
1392 2581 1621 2634 complicata
