<?xml version="1.0" encoding="UTF-8"?>
<!DOCTYPE html PUBLIC "-//W3C//DTD XHTML 1.0 Transitional//EN"
    "http://www.w3.org/TR/xhtml1/DTD/xhtml1-transitional.dtd">
<html xmlns="http://www.w3.org/1999/xhtml" xml:lang="en" lang="en">
 <head>
  <title>
</title>
<meta http-equiv="Content-Type" content="text/html;charset=utf-8" />
  <meta name='ocr-system' content='tesseract 3.04.00' />
  <meta name='ocr-capabilities' content='ocr_page ocr_carea ocr_par ocr_line ocrx_word'/>
</head>
<body>
  <div class='ocr_page' id='page_1' title='image "./elementaphilosop02linkuoft_0182.png"; bbox 0 0 1682 2938; ppageno 0'>
   <div class='ocr_carea' id='block_1_1' title="bbox 912 119 994 171">
    <p class='ocr_par' dir='ltr' id='par_1_1' title="bbox 912 119 994 171">
     <span class='ocr_line' id='line_1_1' title="bbox 912 119 994 171; baseline -0.012 -9"><span class='ocrx_word' id='word_1_1' title='bbox 912 119 994 171; x_wconf 85' lang='lat'><strong>160</strong></span> 
     </span>
    </p>
   </div>
   <div class='ocr_carea' id='block_1_2' title="bbox 266 228 1682 512">
    <p class='ocr_par' dir='ltr' id='par_1_2' title="bbox 266 228 1682 512">
     <span class='ocr_line' id='line_1_2' title="bbox 266 228 1682 284; baseline -0.004 -10"><span class='ocrx_word' id='word_1_2' title='bbox 266 235 309 274; x_wconf 88' lang='lat' dir='ltr'><strong>in</strong></span> <span class='ocrx_word' id='word_1_3' title='bbox 335 230 546 284; x_wconf 80' lang='lat' dir='ltr'>Papaveris</span> <span class='ocrx_word' id='word_1_4' title='bbox 571 230 792 279; x_wconf 85' lang='lat' dir='ltr'><strong>somniferi,</strong></span> <span class='ocrx_word' id='word_1_5' title='bbox 831 230 970 282; x_wconf 86' lang='lat' dir='ltr'><strong>petalis</strong></span> <span class='ocrx_word' id='word_1_6' title='bbox 1009 233 1048 270; x_wconf 87' lang='lat' dir='ltr'><strong>et</strong></span> <span class='ocrx_word' id='word_1_7' title='bbox 1076 228 1242 281; x_wconf 85' lang='lat' dir='ltr'><strong>Tulipae</strong></span> <span class='ocrx_word' id='word_1_8' title='bbox 1278 230 1421 281; x_wconf 85' lang='lat' dir='ltr'>phyllis</span> <span class='ocrx_word' id='word_1_9' title='bbox 1448 231 1603 282; x_wconf 82' lang='lat' dir='ltr'><strong>perigo-</strong></span> <span class='ocrx_word' id='word_1_10' title='bbox 1674 264 1682 278; x_wconf 17' lang='lat' dir='ltr'><strong>Q,</strong></span> 
     </span>
     <span class='ocr_line' id='line_1_3' title="bbox 268 307 1682 358; baseline -0.004 -8"><span class='ocrx_word' id='word_1_11' title='bbox 268 309 438 350; x_wconf 84' lang='lat' dir='ltr'><strong>nialibus</strong></span> <span class='ocrx_word' id='word_1_12' title='bbox 468 320 549 347; x_wconf 90' lang='lat' dir='ltr'><strong>non</strong></span> <span class='ocrx_word' id='word_1_13' title='bbox 576 320 688 346; x_wconf 86' lang='lat' dir='ltr'><strong>rarae</strong></span> <span class='ocrx_word' id='word_1_14' title='bbox 717 311 825 354; x_wconf 83' lang='lat' dir='ltr'><strong>sunt3</strong></span> <span class='ocrx_word' id='word_1_15' title='bbox 855 307 1086 347; x_wconf 89' lang='lat' dir='ltr'><strong>divisionem</strong></span> <span class='ocrx_word' id='word_1_16' title='bbox 1110 307 1231 358; x_wconf 85' lang='lat' dir='ltr'><strong>petali</strong></span> <span class='ocrx_word' id='word_1_17' title='bbox 1259 307 1468 347; x_wconf 86' lang='lat' dir='ltr'><strong>exterioris</strong></span> <span class='ocrx_word' id='word_1_18' title='bbox 1495 307 1603 346; x_wconf 84' lang='lat' dir='ltr'><strong>bifidi</strong></span> <span class='ocrx_word' id='word_1_19' title='bbox 1680 327 1682 349; x_wconf 50' lang='grc' dir='ltr'>ς</span> 
     </span>
     <span class='ocr_line' id='line_1_4' title="bbox 270 366 1682 436; baseline -0.003 -10"><span class='ocrx_word' id='word_1_20' title='bbox 270 384 490 426; x_wconf 87' lang='lat' dir='ltr'><strong>Caucalidis</strong></span> <span class='ocrx_word' id='word_1_21' title='bbox 534 384 794 435; x_wconf 80' lang='lat' dir='ltr'><strong>grandiflorae</strong></span> <span class='ocrx_word' id='word_1_22' title='bbox 843 384 884 423; x_wconf 91' lang='lat' dir='ltr'><strong>in</strong></span> <span class='ocrx_word' id='word_1_23' title='bbox 925 385 1004 423; x_wconf 92' lang='lat' dir='ltr'><strong>duo</strong></span> <span class='ocrx_word' id='word_1_24' title='bbox 1043 383 1175 435; x_wconf 83' lang='lat' dir='ltr'><strong>petala</strong></span> <span class='ocrx_word' id='word_1_25' title='bbox 1216 383 1360 422; x_wconf 85' lang='lat' dir='ltr'><strong>indicat</strong></span> <span class='ocrx_word' id='word_1_26' title='bbox 1399 383 1604 436; x_wconf 91' lang='lat' dir='ltr'><strong>Moquin</strong></span> <span class='ocrx_word' id='word_1_27' title='bbox 1680 366 1682 406; x_wconf 70' lang='lat'><em>}</em></span> 
     </span>
     <span class='ocr_line' id='line_1_5' title="bbox 270 448 1682 512; baseline -0.002 -10"><span class='ocrx_word' id='word_1_28' title='bbox 270 462 475 502; x_wconf 88' lang='lat' dir='ltr'><strong>Tendon</strong></span> <span class='ocrx_word' id='word_1_29' title='bbox 503 459 641 510; x_wconf 88' lang='lat' dir='ltr'><strong>(Ann.</strong></span> <span class='ocrx_word' id='word_1_30' title='bbox 671 460 706 499; x_wconf 93' lang='lat' dir='ltr'><strong>d.</strong></span> <span class='ocrx_word' id='word_1_31' title='bbox 737 473 799 499; x_wconf 90' lang='lat' dir='ltr'><strong>sc.</strong></span> <span class='ocrx_word' id='word_1_32' title='bbox 828 473 866 500; x_wconf 89' lang='lat' dir='ltr'><strong>n.</strong></span> <span class='ocrx_word' id='word_1_33' title='bbox 893 460 958 501; x_wconf 86' lang='lat'><strong>27.</strong></span> <span class='ocrx_word' id='word_1_34' title='bbox 976 459 1100 510; x_wconf 69' lang='lat'><strong>237.)</strong></span> <span class='ocrx_word' id='word_1_35' title='bbox 1155 459 1354 500; x_wconf 85' lang='lat' dir='ltr'><strong>Numerus</strong></span> <span class='ocrx_word' id='word_1_36' title='bbox 1381 461 1606 512; x_wconf 85' lang='lat' dir='ltr'><strong>petalorum</strong></span> <span class='ocrx_word' id='word_1_37' title='bbox 1680 448 1682 450; x_wconf 31' lang='lat'>¹</span> 
     </span>
    </p>
   </div>
   <div class='ocr_carea' id='block_1_3' title="bbox 269 535 1670 1358">
    <p class='ocr_par' dir='ltr' id='par_1_3' title="bbox 269 535 1670 1358">
     <span class='ocr_line' id='line_1_6' title="bbox 269 535 1607 590; baseline -0.002 -10"><span class='ocrx_word' id='word_1_38' title='bbox 269 544 336 580; x_wconf 85' lang='lat' dir='ltr'><strong>aut</strong></span> <span class='ocrx_word' id='word_1_39' title='bbox 376 540 668 590; x_wconf 85' lang='lat' dir='ltr'><strong>segmentorum</strong></span> <span class='ocrx_word' id='word_1_40' title='bbox 716 536 891 576; x_wconf 86' lang='lat' dir='ltr'><strong>corollae</strong></span> <span class='ocrx_word' id='word_1_41' title='bbox 940 537 1028 575; x_wconf 82' lang='lat' dir='ltr'><strong>c&#39;um</strong></span> <span class='ocrx_word' id='word_1_42' title='bbox 1081 535 1311 575; x_wconf 84' lang='lat' dir='ltr'><strong>staminibus</strong></span> <span class='ocrx_word' id='word_1_43' title='bbox 1365 541 1502 577; x_wconf 87' lang='lat' dir='ltr'><strong>auctus</strong></span> <span class='ocrx_word' id='word_1_44' title='bbox 1556 539 1607 577; x_wconf 80' lang='lat' dir='ltr'><strong>ad</strong></span> 
     </span>
     <span class='ocr_line' id='line_1_7' title="bbox 271 612 1607 668; baseline -0.003 -11"><span class='ocrx_word' id='word_1_45' title='bbox 271 615 495 668; x_wconf 88' lang='lat' dir='ltr'><strong>antholysin</strong></span> <span class='ocrx_word' id='word_1_46' title='bbox 547 614 679 665; x_wconf 85' lang='lat' dir='ltr'><strong>potius</strong></span> <span class='ocrx_word' id='word_1_47' title='bbox 728 613 957 652; x_wconf 84' lang='lat' dir='ltr'><strong>referendus</strong></span> <span class='ocrx_word' id='word_1_48' title='bbox 1003 616 1073 652; x_wconf 84' lang='lat' dir='ltr'><strong>est.</strong></span> <span class='ocrx_word' id='word_1_49' title='bbox 1145 612 1395 652; x_wconf 84' lang='lat' dir='ltr'><strong>Corollarum</strong></span> <span class='ocrx_word' id='word_1_50' title='bbox 1438 615 1607 653; x_wconf 87' lang='lat' dir='ltr'><strong>duorum</strong></span> 
     </span>
     <span class='ocr_line' id='line_1_8' title="bbox 270 689 1608 741; baseline -0.004 -6"><span class='ocrx_word' id='word_1_51' title='bbox 270 696 414 735; x_wconf 90' lang='lat' dir='ltr'><strong>florum</strong></span> <span class='ocrx_word' id='word_1_52' title='bbox 464 689 773 732; x_wconf 85' lang='lat' dir='ltr'><strong>combinatarum</strong></span> <span class='ocrx_word' id='word_1_53' title='bbox 817 689 999 741; x_wconf 84' lang='lat' dir='ltr'><strong>exempla</strong></span> <span class='ocrx_word' id='word_1_54' title='bbox 1042 690 1194 739; x_wconf 86' lang='lat' dir='ltr'><strong>profert</strong></span> <span class='ocrx_word' id='word_1_55' title='bbox 1241 689 1444 741; x_wconf 91' lang='lat' dir='ltr'><strong>Moquin</strong></span> <span class='ocrx_word' id='word_1_56' title='bbox 1492 691 1608 729; x_wconf 88' lang='lat' dir='ltr'><strong>Ten-</strong></span> 
     </span>
     <span class='ocr_line' id='line_1_9' title="bbox 273 765 1610 819; baseline -0.004 -8"><span class='ocrx_word' id='word_1_57' title='bbox 273 771 368 811; x_wconf 92' lang='lat' dir='ltr'><strong>don</strong></span> <span class='ocrx_word' id='word_1_58' title='bbox 419 769 474 819; x_wconf 89' lang='lat' dir='ltr'><strong>(l.</strong></span> <span class='ocrx_word' id='word_1_59' title='bbox 510 781 543 807; x_wconf 89' lang='lat' dir='ltr'><strong>c.</strong></span> <span class='ocrx_word' id='word_1_60' title='bbox 576 765 699 816; x_wconf 80' lang='lat'>234.)</span> <span class='ocrx_word' id='word_1_61' title='bbox 737 765 814 804; x_wconf 84' lang='lat' dir='ltr'><strong>alia</strong></span> <span class='ocrx_word' id='word_1_62' title='bbox 848 765 1089 817; x_wconf 84' lang='lat' dir='ltr'><strong>Jaegerus</strong></span> <span class='ocrx_word' id='word_1_63' title='bbox 1143 765 1197 815; x_wconf 86' lang='lat' dir='ltr'><strong>(l.</strong></span> <span class='ocrx_word' id='word_1_64' title='bbox 1235 779 1269 805; x_wconf 93' lang='lat' dir='ltr'><strong>c.</strong></span> <span class='ocrx_word' id='word_1_65' title='bbox 1299 765 1401 814; x_wconf 69' lang='lat'>92).</span> <span class='ocrx_word' id='word_1_66' title='bbox 1483 766 1610 806; x_wconf 90' lang='lat' dir='ltr'><strong>Error</strong></span> 
     </span>
     <span class='ocr_line' id='line_1_10' title="bbox 272 842 1607 896; baseline -0.004 -8"><span class='ocrx_word' id='word_1_67' title='bbox 272 848 353 887; x_wconf 90' lang='lat' dir='ltr'><strong>loci</strong></span> <span class='ocrx_word' id='word_1_68' title='bbox 392 843 634 896; x_wconf 88' lang='lat' dir='ltr'><strong>conspicitur</strong></span> <span class='ocrx_word' id='word_1_69' title='bbox 674 842 714 881; x_wconf 92' lang='lat' dir='ltr'><strong>in</strong></span> <span class='ocrx_word' id='word_1_70' title='bbox 758 842 947 893; x_wconf 82' lang='lat' dir='ltr'><strong>apostasi‚</strong></span> <span class='ocrx_word' id='word_1_71' title='bbox 1002 842 1061 881; x_wconf 90' lang='lat' dir='ltr'><strong>uti</strong></span> <span class='ocrx_word' id='word_1_72' title='bbox 1095 847 1212 882; x_wconf 86' lang='lat' dir='ltr'><strong>vocat</strong></span> <span class='ocrx_word' id='word_1_73' title='bbox 1243 842 1607 893; x_wconf 86' lang='lat' dir='ltr'><strong>Engelmannus</strong></span> 
     </span>
     <span class='ocr_line' id='line_1_11' title="bbox 273 918 1605 975; baseline -0.004 -11"><span class='ocrx_word' id='word_1_74' title='bbox 273 925 320 975; x_wconf 87' lang='lat' dir='ltr'><strong>(l.</strong></span> <span class='ocrx_word' id='word_1_75' title='bbox 350 937 383 963; x_wconf 94' lang='lat' dir='ltr'><strong>c.</strong></span> <span class='ocrx_word' id='word_1_76' title='bbox 411 921 516 970; x_wconf 71' lang='lat'>42),</span> <span class='ocrx_word' id='word_1_77' title='bbox 546 919 605 959; x_wconf 90' lang='lat' dir='ltr'><strong>sic</strong></span> <span class='ocrx_word' id='word_1_78' title='bbox 633 932 666 958; x_wconf 91' lang='lat' dir='ltr'><strong>e.</strong></span> <span class='ocrx_word' id='word_1_79' title='bbox 695 931 731 970; x_wconf 87' lang='lat' dir='ltr'><strong>g.</strong></span> <span class='ocrx_word' id='word_1_80' title='bbox 759 918 953 970; x_wconf 86' lang='lat' dir='ltr'><strong>perigonii</strong></span> <span class='ocrx_word' id='word_1_81' title='bbox 979 919 1158 970; x_wconf 88' lang='lat' dir='ltr'><strong>phyllum</strong></span> <span class='ocrx_word' id='word_1_82' title='bbox 1185 919 1379 971; x_wconf 85' lang='lat' dir='ltr'><strong>singulum</strong></span> <span class='ocrx_word' id='word_1_83' title='bbox 1403 932 1486 958; x_wconf 92' lang='lat' dir='ltr'><strong>non</strong></span> <span class='ocrx_word' id='word_1_84' title='bbox 1514 933 1605 960; x_wconf 86' lang='lat' dir='ltr'><strong>raro</strong></span> 
     </span>
     <span class='ocr_line' id='line_1_12' title="bbox 274 994 1609 1047; baseline -0.003 -7"><span class='ocrx_word' id='word_1_85' title='bbox 274 1002 316 1040; x_wconf 91' lang='lat' dir='ltr'><strong>in</strong></span> <span class='ocrx_word' id='word_1_86' title='bbox 344 999 457 1038; x_wconf 88' lang='lat' dir='ltr'><strong>caule</strong></span> <span class='ocrx_word' id='word_1_87' title='bbox 480 996 646 1047; x_wconf 86' lang='lat' dir='ltr'><strong>Tulipae</strong></span> <span class='ocrx_word' id='word_1_88' title='bbox 674 994 881 1034; x_wconf 79' lang='lat' dir='ltr'><strong>invenitur.</strong></span> <span class='ocrx_word' id='word_1_89' title='bbox 938 995 1052 1033; x_wconf 86' lang='lat' dir='ltr'><strong>Alter</strong></span> <span class='ocrx_word' id='word_1_90' title='bbox 1080 1007 1192 1034; x_wconf 83' lang='lat' dir='ltr'><strong>error</strong></span> <span class='ocrx_word' id='word_1_91' title='bbox 1218 995 1294 1035; x_wconf 90' lang='lat' dir='ltr'><strong>iste</strong></span> <span class='ocrx_word' id='word_1_92' title='bbox 1321 997 1415 1035; x_wconf 93' lang='lat' dir='ltr'><strong>mihi</strong></span> <span class='ocrx_word' id='word_1_93' title='bbox 1441 997 1609 1047; x_wconf 87' lang='lat' dir='ltr'><strong>videtur,</strong></span> 
     </span>
     <span class='ocr_line' id='line_1_13' title="bbox 274 1071 1612 1129; baseline -0.001 -14"><span class='ocrx_word' id='word_1_94' title='bbox 274 1089 392 1129; x_wconf 87' lang='lat' dir='ltr'><strong>quem</strong></span> <span class='ocrx_word' id='word_1_95' title='bbox 419 1071 752 1124; x_wconf 79' lang='lat' dir='ltr'><strong>metamorphosin</strong></span> <span class='ocrx_word' id='word_1_96' title='bbox 778 1071 1082 1110; x_wconf 83' lang='lat' dir='ltr'><strong>adscendentem</strong></span> <span class='ocrx_word' id='word_1_97' title='bbox 1111 1076 1274 1119; x_wconf 85' lang='lat' dir='ltr'><strong>vocant;</strong></span> <span class='ocrx_word' id='word_1_98' title='bbox 1316 1073 1375 1112; x_wconf 87' lang='lat' dir='ltr'><strong>sic</strong></span> <span class='ocrx_word' id='word_1_99' title='bbox 1403 1074 1612 1114; x_wconf 82' lang='lat' dir='ltr'><strong>Candel-</strong></span> 
     </span>
     <span class='ocr_line' id='line_1_14' title="bbox 274 1147 1611 1200; baseline -0.001 -9"><span class='ocrx_word' id='word_1_100' title='bbox 274 1153 372 1192; x_wconf 89' lang='lat' dir='ltr'><strong>lius</strong></span> <span class='ocrx_word' id='word_1_101' title='bbox 408 1150 490 1190; x_wconf 86' lang='lat' dir='ltr'><strong>alas</strong></span> <span class='ocrx_word' id='word_1_102' title='bbox 526 1152 567 1189; x_wconf 88' lang='lat' dir='ltr'><strong>et</strong></span> <span class='ocrx_word' id='word_1_103' title='bbox 603 1147 775 1188; x_wconf 84' lang='lat' dir='ltr'><strong>carinam</strong></span> <span class='ocrx_word' id='word_1_104' title='bbox 809 1147 984 1187; x_wconf 87' lang='lat' dir='ltr'><strong>corollae</strong></span> <span class='ocrx_word' id='word_1_105' title='bbox 1018 1147 1200 1187; x_wconf 87' lang='lat' dir='ltr'><strong>Phaseoli</strong></span> <span class='ocrx_word' id='word_1_106' title='bbox 1241 1149 1410 1200; x_wconf 86' lang='lat' dir='ltr'><strong>vulgaris</strong></span> <span class='ocrx_word' id='word_1_107' title='bbox 1445 1155 1611 1190; x_wconf 83' lang='lat' dir='ltr'><strong>mutatas</strong></span> 
     </span>
     <span class='ocr_line' id='line_1_15' title="bbox 276 1220 1670 1277; baseline -0.001 -9"><span class='ocrx_word' id='word_1_108' title='bbox 276 1227 502 1269; x_wconf 88' lang='lat' dir='ltr'><strong>observavit</strong></span> <span class='ocrx_word' id='word_1_109' title='bbox 542 1226 583 1265; x_wconf 89' lang='lat' dir='ltr'><strong>in</strong></span> <span class='ocrx_word' id='word_1_110' title='bbox 628 1224 794 1264; x_wconf 84' lang='lat' dir='ltr'><strong>stamina</strong></span> <span class='ocrx_word' id='word_1_111' title='bbox 830 1220 990 1274; x_wconf 75' lang='lat' dir='ltr'><strong>(Mem.</strong></span> <span class='ocrx_word' id='word_1_112' title='bbox 1025 1237 1055 1264; x_wconf 88' lang='lat' dir='ltr'><strong>s.</strong></span> <span class='ocrx_word' id='word_1_113' title='bbox 1092 1224 1118 1263; x_wconf 93' lang='lat' dir='ltr'><strong>l.</strong></span> <span class='ocrx_word' id='word_1_114' title='bbox 1154 1224 1398 1276; x_wconf 85' lang='lat' dir='ltr'><strong>Legumin.</strong></span> <span class='ocrx_word' id='word_1_115' title='bbox 1433 1225 1527 1277; x_wconf 86' lang='lat'><strong>44.)</strong></span> <span class='ocrx_word' id='word_1_116' title='bbox 1573 1233 1613 1268; x_wconf 85' lang='lat' dir='ltr'><strong>et</strong></span> <span class='ocrx_word' id='word_1_117' title='bbox 1667 1250 1670 1259; x_wconf 90' lang='lat'><em>·</em></span> 
     </span>
     <span class='ocr_line' id='line_1_16' title="bbox 286 1300 783 1358; baseline -0.012 -13"><span class='ocrx_word' id='word_1_118' title='bbox 286 1318 387 1358; x_wconf 86' lang='lat' dir='ltr'><strong>quae</strong></span> <span class='ocrx_word' id='word_1_119' title='bbox 415 1303 491 1343; x_wconf 85' lang='lat' dir='ltr'><strong>alia</strong></span> <span class='ocrx_word' id='word_1_120' title='bbox 516 1306 608 1342; x_wconf 89' lang='lat' dir='ltr'><strong>sunt</strong></span> <span class='ocrx_word' id='word_1_121' title='bbox 630 1300 783 1341; x_wconf 84' lang='lat' dir='ltr'><strong>similia.</strong></span> 
     </span>
    </p>
   </div>
   <div class='ocr_carea' id='block_1_4' title="bbox 277 1442 1616 1728">
    <p class='ocr_par' dir='ltr' id='par_1_4' title="bbox 277 1442 1616 1728">
     <span class='ocr_line' id='line_1_17' title="bbox 385 1442 1615 1497; baseline 0 -12"><span class='ocrx_word' id='word_1_122' title='bbox 385 1446 537 1485; x_wconf 86' lang='lat' dir='ltr'><strong>Moneo</strong></span> <span class='ocrx_word' id='word_1_123' title='bbox 571 1443 765 1495; x_wconf 84' lang='lat' dir='ltr'><strong>singulam</strong></span> <span class='ocrx_word' id='word_1_124' title='bbox 793 1442 1098 1494; x_wconf 85' lang='lat' dir='ltr'><strong>duplicationem</strong></span> <span class='ocrx_word' id='word_1_125' title='bbox 1125 1443 1263 1494; x_wconf 86' lang='lat' dir='ltr'><strong>petali,</strong></span> <span class='ocrx_word' id='word_1_126' title='bbox 1303 1445 1428 1496; x_wconf 88' lang='lat' dir='ltr'><strong>phylli</strong></span> <span class='ocrx_word' id='word_1_127' title='bbox 1456 1445 1615 1497; x_wconf 85' lang='lat' dir='ltr'><strong>calycis,</strong></span> 
     </span>
     <span class='ocr_line' id='line_1_18' title="bbox 277 1519 1616 1572; baseline 0 -10"><span class='ocrx_word' id='word_1_128' title='bbox 277 1521 461 1570; x_wconf 85' lang='lat' dir='ltr'><strong>staminis,</strong></span> <span class='ocrx_word' id='word_1_129' title='bbox 490 1520 629 1572; x_wconf 86' lang='lat' dir='ltr'><strong>pistilli</strong></span> <span class='ocrx_word' id='word_1_130' title='bbox 655 1533 868 1572; x_wconf 90' lang='lat' dir='ltr'><strong>numquam</strong></span> <span class='ocrx_word' id='word_1_131' title='bbox 896 1519 1080 1568; x_wconf 84' lang='lat' dir='ltr'><strong>inveniri,</strong></span> <span class='ocrx_word' id='word_1_132' title='bbox 1110 1520 1165 1559; x_wconf 88' lang='lat' dir='ltr'><strong>ita</strong></span> <span class='ocrx_word' id='word_1_133' title='bbox 1192 1520 1359 1570; x_wconf 88' lang='lat' dir='ltr'><strong>scilicet,</strong></span> <span class='ocrx_word' id='word_1_134' title='bbox 1398 1526 1442 1562; x_wconf 89' lang='lat' dir='ltr'><strong>ut</strong></span> <span class='ocrx_word' id='word_1_135' title='bbox 1467 1535 1616 1563; x_wconf 90' lang='lat' dir='ltr'><strong>novum</strong></span> 
     </span>
     <span class='ocr_line' id='line_1_19' title="bbox 277 1596 1616 1652; baseline 0.001 -14"><span class='ocrx_word' id='word_1_136' title='bbox 277 1599 455 1652; x_wconf 88' lang='lat' dir='ltr'><strong>phyllum</strong></span> <span class='ocrx_word' id='word_1_137' title='bbox 489 1601 556 1636; x_wconf 84' lang='lat' dir='ltr'><strong>aut</strong></span> <span class='ocrx_word' id='word_1_138' title='bbox 590 1601 743 1636; x_wconf 86' lang='lat' dir='ltr'><strong>stamen</strong></span> <span class='ocrx_word' id='word_1_139' title='bbox 777 1597 827 1635; x_wconf 84' lang='lat' dir='ltr'><strong>ad</strong></span> <span class='ocrx_word' id='word_1_140' title='bbox 859 1596 981 1635; x_wconf 87' lang='lat' dir='ltr'><strong>alium</strong></span> <span class='ocrx_word' id='word_1_141' title='bbox 1014 1596 1250 1636; x_wconf 88' lang='lat' dir='ltr'><strong>verticillum</strong></span> <span class='ocrx_word' id='word_1_142' title='bbox 1284 1596 1508 1638; x_wconf 85' lang='lat' dir='ltr'><strong>inchoatum</strong></span> <span class='ocrx_word' id='word_1_143' title='bbox 1534 1611 1616 1639; x_wconf 91' lang='lat' dir='ltr'><strong>non</strong></span> 
     </span>
     <span class='ocr_line' id='line_1_20' title="bbox 284 1672 1376 1728; baseline -0.001 -13"><span class='ocrx_word' id='word_1_144' title='bbox 284 1674 492 1728; x_wconf 84' lang='lat' dir='ltr'><strong>pertineat,</strong></span> <span class='ocrx_word' id='word_1_145' title='bbox 518 1674 634 1714; x_wconf 87' lang='lat' dir='ltr'><strong>sicuti</strong></span> <span class='ocrx_word' id='word_1_146' title='bbox 661 1673 757 1713; x_wconf 82' lang='lat' dir='ltr'><strong>folia</strong></span> <span class='ocrx_word' id='word_1_147' title='bbox 783 1672 982 1724; x_wconf 82' lang='lat' dir='ltr'><strong>duplicata</strong></span> <span class='ocrx_word' id='word_1_148' title='bbox 1007 1684 1089 1712; x_wconf 92' lang='lat' dir='ltr'><strong>non</strong></span> <span class='ocrx_word' id='word_1_149' title='bbox 1115 1674 1376 1724; x_wconf 90' lang='lat' dir='ltr'><strong>reperiuntur.</strong></span> 
     </span>
    </p>
   </div>
   <div class='ocr_carea' id='block_1_5' title="bbox 285 1914 1619 2164">
    <p class='ocr_par' dir='ltr' id='par_1_5' title="bbox 285 1914 1619 2164">
     <span class='ocr_line' id='line_1_21' title="bbox 285 1914 1616 1990; baseline -0.003 -13"><span class='ocrx_word' id='word_1_150' title='bbox 285 1930 390 1976; x_wconf 81' lang='lat'>140.</span> <span class='ocrx_word' id='word_1_151' title='bbox 404 1914 406 1916; x_wconf 21' lang='grc' dir='ltr'>Ι</span> <span class='ocrx_word' id='word_1_152' title='bbox 458 1927 500 1976; x_wconf 89' lang='lat' dir='ltr'>S</span> <span class='ocrx_word' id='word_1_153' title='bbox 512 1931 532 1973; x_wconf 91' lang='lat' dir='ltr'><strong>t</strong></span> <span class='ocrx_word' id='word_1_154' title='bbox 546 1928 656 1974; x_wconf 87' lang='lat' dir='ltr'><strong>ami</strong></span> <span class='ocrx_word' id='word_1_155' title='bbox 667 1943 733 1973; x_wconf 83' lang='lat' dir='ltr'><strong>na</strong></span> <span class='ocrx_word' id='word_1_156' title='bbox 764 1929 894 1973; x_wconf 88' lang='lat' dir='ltr'><strong>intra</strong></span> <span class='ocrx_word' id='word_1_157' title='bbox 923 1928 1232 1990; x_wconf 81' lang='lat' dir='ltr'><strong>perigonium</strong></span> <span class='ocrx_word' id='word_1_158' title='bbox 1264 1928 1306 1974; x_wconf 88' lang='lat' dir='ltr'><strong>si</strong></span> <span class='ocrx_word' id='word_1_159' title='bbox 1341 1924 1496 1986; x_wconf 74' lang='lat' dir='ltr'><strong>adest,</strong></span> <span class='ocrx_word' id='word_1_160' title='bbox 1526 1943 1616 1989; x_wconf 87' lang='lat' dir='ltr'><strong>po-</strong></span> 
     </span>
     <span class='ocr_line' id='line_1_22' title="bbox 478 2012 1619 2079; baseline -0.002 -16"><span class='ocrx_word' id='word_1_161' title='bbox 478 2017 590 2075; x_wconf 75' lang='lat' dir='ltr'><strong>sita,</strong></span> <span class='ocrx_word' id='word_1_162' title='bbox 621 2032 653 2078; x_wconf 89' lang='lat' dir='ltr'><strong>p</strong></span> <span class='ocrx_word' id='word_1_163' title='bbox 666 2012 913 2062; x_wconf 85' lang='lat' dir='ltr'><strong>ollinem</strong></span> <span class='ocrx_word' id='word_1_164' title='bbox 944 2018 1141 2079; x_wconf 81' lang='lat' dir='ltr'><strong>gerunt,</strong></span> <span class='ocrx_word' id='word_1_165' title='bbox 1172 2015 1223 2060; x_wconf 90' lang='lat' dir='ltr'><strong>in</strong></span> <span class='ocrx_word' id='word_1_166' title='bbox 1256 2012 1512 2061; x_wconf 82' lang='lat' dir='ltr'><strong>anthera</strong></span> <span class='ocrx_word' id='word_1_167' title='bbox 1543 2016 1619 2061; x_wconf 86' lang='lat' dir='ltr'><strong>in-</strong></span> 
     </span>
     <span class='ocr_line' id='line_1_23' title="bbox 477 2100 1619 2164; baseline -0.001 -14"><span class='ocrx_word' id='word_1_168' title='bbox 477 2102 684 2164; x_wconf 80' lang='lat' dir='ltr'><strong>clusum,</strong></span> <span class='ocrx_word' id='word_1_169' title='bbox 719 2119 749 2150; x_wconf 85' lang='lat' dir='ltr'><strong>a</strong></span> <span class='ocrx_word' id='word_1_170' title='bbox 781 2101 808 2150; x_wconf 85' lang='lat' dir='ltr'>f</span> <span class='ocrx_word' id='word_1_171' title='bbox 809 2100 851 2150; x_wconf 92' lang='lat' dir='ltr'><strong>il</strong></span> <span class='ocrx_word' id='word_1_172' title='bbox 861 2120 891 2150; x_wconf 85' lang='lat' dir='ltr'><strong>a</strong></span> <span class='ocrx_word' id='word_1_173' title='bbox 900 2119 947 2149; x_wconf 93' lang='lat' dir='ltr'><strong>m</strong></span> <span class='ocrx_word' id='word_1_174' title='bbox 958 2118 984 2150; x_wconf 86' lang='lat' dir='ltr'><strong>e</strong></span> <span class='ocrx_word' id='word_1_175' title='bbox 994 2119 1027 2148; x_wconf 92' lang='lat' dir='ltr'><strong>n</strong></span> <span class='ocrx_word' id='word_1_176' title='bbox 1037 2105 1057 2148; x_wconf 88' lang='lat' dir='ltr'><strong>t</strong></span> <span class='ocrx_word' id='word_1_177' title='bbox 1067 2118 1097 2148; x_wconf 93' lang='lat' dir='ltr'><strong>o</strong></span> <span class='ocrx_word' id='word_1_178' title='bbox 1117 2117 1218 2148; x_wconf 91' lang='lat' dir='ltr'><strong>non</strong></span> <span class='ocrx_word' id='word_1_179' title='bbox 1245 2118 1362 2148; x_wconf 82' lang='lat' dir='ltr'><strong>raro</strong></span> <span class='ocrx_word' id='word_1_180' title='bbox 1383 2106 1619 2149; x_wconf 85' lang='lat' dir='ltr'><strong>sustenta.</strong></span> 
     </span>
    </p>
   </div>
   <div class='ocr_carea' id='block_1_6' title="bbox 286 2242 1617 2375">
    <p class='ocr_par' dir='ltr' id='par_1_6' title="bbox 286 2242 1617 2375">
     <span class='ocr_line' id='line_1_24' title="bbox 393 2242 1617 2295; baseline 0 -11"><span class='ocrx_word' id='word_1_181' title='bbox 393 2246 638 2285; x_wconf 84' lang='lat' dir='ltr'><strong>Linnaeus</strong></span> <span class='ocrx_word' id='word_1_182' title='bbox 666 2245 855 2286; x_wconf 88' lang='lat' dir='ltr'><strong>terminos</strong></span> <span class='ocrx_word' id='word_1_183' title='bbox 882 2245 1004 2284; x_wconf 89' lang='lat' dir='ltr'><strong>hosce</strong></span> <span class='ocrx_word' id='word_1_184' title='bbox 1032 2243 1180 2295; x_wconf 81' lang='lat' dir='ltr'><strong>primus</strong></span> <span class='ocrx_word' id='word_1_185' title='bbox 1207 2242 1427 2284; x_wconf 86' lang='lat' dir='ltr'><strong>introduxit</strong></span> <span class='ocrx_word' id='word_1_186' title='bbox 1469 2244 1617 2294; x_wconf 87' lang='lat' dir='ltr'><strong>(Phil.</strong></span> 
     </span>
     <span class='ocr_line' id='line_1_25' title="bbox 286 2321 1346 2375; baseline -0.002 -12"><span class='ocrx_word' id='word_1_187' title='bbox 286 2325 380 2364; x_wconf 89' lang='lat' dir='ltr'><strong>bot.</strong></span> <span class='ocrx_word' id='word_1_188' title='bbox 408 2321 541 2371; x_wconf 81' lang='lat'><strong>201.),</strong></span> <span class='ocrx_word' id='word_1_189' title='bbox 570 2336 688 2375; x_wconf 86' lang='lat' dir='ltr'><strong>quem</strong></span> <span class='ocrx_word' id='word_1_190' title='bbox 715 2335 853 2363; x_wconf 86' lang='lat' dir='ltr'><strong>omnes</strong></span> <span class='ocrx_word' id='word_1_191' title='bbox 882 2321 1010 2362; x_wconf 88' lang='lat' dir='ltr'><strong>secuti</strong></span> <span class='ocrx_word' id='word_1_192' title='bbox 1037 2325 1129 2361; x_wconf 87' lang='lat' dir='ltr'><strong>sunt</strong></span> <span class='ocrx_word' id='word_1_193' title='bbox 1154 2321 1346 2362; x_wconf 83' lang='lat' dir='ltr'><strong>Botanici.</strong></span> 
     </span>
    </p>
   </div>
   <div class='ocr_carea' id='block_1_7' title="bbox 285 2406 1621 2637">
    <p class='ocr_par' dir='ltr' id='par_1_7' title="bbox 285 2406 1621 2637">
     <span class='ocr_line' id='line_1_26' title="bbox 392 2406 1621 2481; baseline -0.002 -10"><span class='ocrx_word' id='word_1_194' title='bbox 392 2406 596 2471; x_wconf 87' lang='lat' dir='ltr'><strong>Prodeunt</strong></span> <span class='ocrx_word' id='word_1_195' title='bbox 623 2433 790 2472; x_wconf 87' lang='lat' dir='ltr'><strong>stamina</strong></span> <span class='ocrx_word' id='word_1_196' title='bbox 815 2433 857 2472; x_wconf 90' lang='lat' dir='ltr'><strong>in</strong></span> <span class='ocrx_word' id='word_1_197' title='bbox 883 2431 1001 2472; x_wconf 80' lang='lat' dir='ltr'><strong>variis</strong></span> <span class='ocrx_word' id='word_1_198' title='bbox 1031 2430 1141 2471; x_wconf 85' lang='lat' dir='ltr'><strong>floris</strong></span> <span class='ocrx_word' id='word_1_199' title='bbox 1167 2430 1281 2470; x_wconf 89' lang='lat' dir='ltr'><strong>locis.</strong></span> <span class='ocrx_word' id='word_1_200' title='bbox 1335 2428 1510 2469; x_wconf 85' lang='lat' dir='ltr'><strong>Stamina</strong></span> <span class='ocrx_word' id='word_1_201' title='bbox 1542 2430 1621 2481; x_wconf 89' lang='lat' dir='ltr'><strong>hy-</strong></span> 
     </span>
     <span class='ocr_line' id='line_1_27' title="bbox 285 2505 1619 2561; baseline -0.002 -13"><span class='ocrx_word' id='word_1_202' title='bbox 285 2521 475 2561; x_wconf 85' lang='lat' dir='ltr'><strong>pogyna</strong></span> <span class='ocrx_word' id='word_1_203' title='bbox 500 2513 718 2548; x_wconf 88' lang='lat' dir='ltr'><strong>nascuntur</strong></span> <span class='ocrx_word' id='word_1_204' title='bbox 745 2522 767 2550; x_wconf 85' lang='lat' dir='ltr'><strong>e</strong></span> <span class='ocrx_word' id='word_1_205' title='bbox 793 2508 1057 2560; x_wconf 82' lang='lat' dir='ltr'><strong>receptaculo,</strong></span> <span class='ocrx_word' id='word_1_206' title='bbox 1086 2511 1125 2547; x_wconf 87' lang='lat' dir='ltr'><strong>et</strong></span> <span class='ocrx_word' id='word_1_207' title='bbox 1151 2507 1275 2547; x_wconf 89' lang='lat' dir='ltr'><strong>libera</strong></span> <span class='ocrx_word' id='word_1_208' title='bbox 1289 2510 1389 2556; x_wconf 85' lang='lat' dir='ltr'><strong>sunt,</strong></span> <span class='ocrx_word' id='word_1_209' title='bbox 1415 2505 1619 2558; x_wconf 88' lang='lat' dir='ltr'><strong>perigonio</strong></span> 
     </span>
     <span class='ocr_line' id='line_1_28' title="bbox 285 2582 1621 2637; baseline -0.004 -11"><span class='ocrx_word' id='word_1_210' title='bbox 285 2586 439 2627; x_wconf 87' lang='lat' dir='ltr'><strong>scilicet</strong></span> <span class='ocrx_word' id='word_1_211' title='bbox 464 2598 546 2627; x_wconf 89' lang='lat' dir='ltr'><strong>non</strong></span> <span class='ocrx_word' id='word_1_212' title='bbox 572 2585 723 2626; x_wconf 82' lang='lat' dir='ltr'><strong>adnata.</strong></span> <span class='ocrx_word' id='word_1_213' title='bbox 778 2586 812 2625; x_wconf 92' lang='lat' dir='ltr'><strong>E</strong></span> <span class='ocrx_word' id='word_1_214' title='bbox 840 2586 978 2637; x_wconf 86' lang='lat' dir='ltr'><strong>calyce</strong></span> <span class='ocrx_word' id='word_1_215' title='bbox 1002 2583 1185 2626; x_wconf 86' lang='lat' dir='ltr'><strong>oriuntur</strong></span> <span class='ocrx_word' id='word_1_216' title='bbox 1212 2583 1431 2636; x_wconf 81' lang='lat' dir='ltr'><strong>etquidem</strong></span> <span class='ocrx_word' id='word_1_217' title='bbox 1457 2582 1525 2623; x_wconf 92' lang='lat' dir='ltr'><strong>ubi</strong></span> <span class='ocrx_word' id='word_1_218' title='bbox 1550 2594 1621 2634; x_wconf 86' lang='lat' dir='ltr'><strong>pe-</strong></span> 
     </span>
    </p>
   </div>
  </div>
 </body>
</html>
