1682 2938
908 104 993 149 168

286 227 386 257 nora
411 213 646 266 (Labiatae),
673 214 738 256 tri
747 215 772 255 d
782 227 956 268 ynana,
985 216 1113 257 tribus
1140 216 1364 267 majoribus,
1398 215 1522 255 tribus
1549 218 1621 256 mi-

285 291 450 332 noribus
478 291 675 343 (Narcissi
700 293 855 345 plures)
894 298 910 333 t
919 306 941 333 e
950 297 966 333 t
976 307 997 332 r
1004 306 1027 332 a
1036 294 1061 332 d
1069 307 1096 345 y
1104 306 1131 333 n
1139 306 1162 332 a
1171 306 1210 332 m
1219 306 1242 332 a
1249 324 1260 342 ‚
1302 297 1471 345 quatuor
1500 295 1623 345 maio-

285 368 396 409 ribus
403 400 414 419 ,
449 373 618 422 quatuor
642 370 860 410 minoribus
888 370 1111 422 (Daphne),
1148 370 1174 408 h
1184 382 1204 408 e
1213 369 1274 408 mi
1283 372 1299 408 t
1308 382 1329 408 e
1338 373 1382 408 tr
1391 384 1413 409 a
1422 371 1446 409 d
1455 384 1481 422 y
1488 383 1515 410 n
1524 384 1546 410 a
1554 384 1592 409 111
1601 384 1623 410 a

287 445 581 497 (tetradynama
595 447 716 486 Linn
726 460 748 486 a
758 460 778 486 e
791 446 837 498 ο)
866 450 1036 500 quatuor
1063 447 1289 498 maj0ribus,
1319 446 1472 487 duobus
1499 447 1626 486 mino-

287 521 397 561 ribus
439 523 709 574 (Cruciferae)
717 555 727 574 ,
769 538 794 575 p
806 537 826 563 e
834 537 861 563 n
870 528 885 563 t
894 537 915 562 a
925 525 948 562 d
956 538 983 575 y
991 537 1016 562 n
1026 537 1048 563 a
1057 537 1122 562 ma
1130 554 1140 572 ,
1186 523 1356 575 quinque
1399 524 1624 575 majoribus,

290 599 463 652 quinque
491 600 707 640 minoribus
745 600 936 651 (Oxalis).
992 601 1028 639 D
1041 613 1061 639 e
1071 600 1086 639 l
1095 600 1108 639 i
1118 614 1141 652 q
1150 613 1176 638 u
1186 613 1206 639 e
1217 613 1235 639 s
1247 614 1268 638 c
1278 613 1298 639 e
1307 604 1356 639 nt
1365 600 1378 639 i
1387 614 1409 639 a
1445 601 1625 640 dicantur

290 688 392 728 quae
425 676 655 727 regulariter
688 677 956 716 diminuuntur
990 690 1023 717 e.
1059 690 1095 728 g.
1130 676 1171 714 in
1204 677 1407 717 Verbasco
1443 677 1511 716 ubi
1546 677 1624 716 duo

289 753 497 804 superiora
513 753 693 803 maxima,
721 753 807 792 duo-
828 754 956 793 media
973 755 1136 804 minora,
1164 768 1284 793 unum
1313 755 1488 793 infimum
1514 752 1628 792 mini-

289 841 416 876 mum;
446 828 634 868 transitus
662 829 712 869 ad
740 829 906 869 formam
933 829 1114 870 labiatam
1141 831 1262 870 floris.
1385 812 1386 815 Ἴ

397 938 582 977 Ereota
608 941 700 977 sunt
727 939 911 988 stamina,
940 943 1008 979 aut
1036 940 1396 980 adscendentia
1422 939 1447 978 i.
1477 952 1510 978 e.
1541 952 1627 978 sur-

289 1027 377 1054 sum
404 1015 517 1064 flexa,
542 1018 609 1054 aut
635 1015 881 1054 declinata
907 1027 979 1054 seu
1005 1017 1191 1056 deorsum
1217 1018 1331 1056 flexa.
1387 1017 1488 1055 Tum
1516 1028 1628 1055 con-

289 1094 504 1141 vergunt
534 1095 602 1130 aut
630 1090 915 1143 divergunt‚
949 1105 1048 1144 quae
1076 1090 1197 1144 vulgo
1227 1093 1408 1132 distantia
1435 1093 1627 1132 dicuntur.

287 1166 396 1206 Inter
422 1167 644 1207 florendum
669 1167 789 1207 variis
817 1167 944 1207 modis
972 1168 1202 1218 flectuntur,
1243 1173 1287 1208 ut
1315 1169 1629 1208 fecundationem

289 1247 570 1294 promoveant,
599 1245 648 1284 de
676 1258 753 1298 qua
780 1258 824 1285 re
852 1244 955 1284 infra
982 1245 1153 1294 dicetur,
1180 1245 1248 1284 ubi
1277 1245 1325 1284 de
1353 1258 1453 1285 sexu
1479 1245 1630 1297 planta-

289 1332 380 1360 rum
406 1333 538 1361 sermo
567 1321 652 1361 erit.

398 1419 601 1459 Deficiunt
628 1421 794 1460 stamina
823 1425 864 1461 et
892 1421 1049 1474 quidem
1074 1421 1192 1464 variis
1213 1421 1351 1461 modis.
1406 1420 1632 1462 Absorben-

291 1499 367 1545 tur,
396 1497 511 1548 cujus
539 1497 599 1536 rei
627 1498 852 1550 exemplum
880 1497 920 1537 in
947 1498 1109 1538 floribus
1127 1499 1298 1539 Viburni
1315 1498 1435 1551 opuli
1457 1500 1540 1549 jam
1566 1511 1632 1537 su-
1672 1507 1675 1510 ⁴

290 1585 364 1623 pra
392 1573 554 1612 allatum
583 1578 651 1613 est.
707 1575 899 1624 Pereunt,
940 1575 974 1614 si
1009 1588 1088 1614 una
1122 1575 1294 1615 alterave
1330 1587 1422 1626 pars
1458 1574 1633 1614 corollae
1668 1601 1670 1603 »

289 1649 420 1700 periit.
477 1649 545 1688 Sic
572 1650 806 1701 perigonum
834 1651 1129 1704 quinquefidum
1165 1665 1255 1691 cum
1282 1655 1374 1691 octo
1403 1651 1632 1691 staminibus

290 1725 335 1765 in
361 1726 569 1777 Polygono
597 1739 680 1766 non
704 1727 807 1766 male
836 1727 1048 1779 explicavit
1072 1727 1330 1767 Cassinius
1359 1728 1522 1779 (Opus
1534 1741 1566 1767 c.
1592 1714 1633 1768 2.

290 1801 409 1853 337.)
445 1803 606 1842 defectu
640 1803 814 1843 staminis
849 1807 888 1842 et
914 1801 1042 1854 phylli
1068 1803 1280 1855 perigonii,
1322 1807 1367 1842 ut
1394 1803 1493 1842 Rhei
1526 1802 1633 1842 flori-

292 1878 368 1918 bus
396 1878 523 1918 simile
553 1879 701 1919 evadat.
757 1878 993 1919 Addendum
1030 1884 1101 1930 est,
1127 1879 1376 1931 perigonium
1404 1892 1494 1918 cum
1521 1879 1634 1931 quin-

292 1969 371 2008 que
407 1955 635 1995 staminibus
671 1956 829 1995 efficere
870 1956 1107 1997 vertieillum
1142 1961 1386 2008 tetragyrum
1427 1955 1503 1994 tria
1535 1967 1633 1995 vero

296 2033 465 2072 stamina
492 2032 629 2072 intima
654 2032 894 2073 verticillum
928 2046 1075 2074 novum
1102 2033 1276 2085 incipere
1306 2033 1441 2083 (cujus
1469 2032 1635 2072 stamina

292 2109 335 2147 in
366 2109 585 2148 Persicaria
622 2109 828 2159 deficiunt)
871 2111 1022 2150 fructus
1065 2110 1190 2150 valvis
1234 2108 1519 2161 superstitibus.
1589 2109 1636 2147 In

292 2185 456 2225 Pimelia
482 2190 568 2226 tota
594 2187 701 2238 perit
738 2187 889 2227 corolla
924 2190 964 2226 et
990 2199 1040 2226 ex
1069 2190 1162 2226 octo
1191 2186 1438 2234 staminibus,
1466 2185 1545 2224 duo
1573 2198 1636 2224 re-

292 2267 542 2312 manserunt,
588 2263 742 2303 laciniis
771 2263 918 2314 calycis
954 2263 1124 2303 colorati
1153 2263 1413 2303 exterioribus
1440 2260 1635 2312 opposita,

293 2338 385 2378 hinc
412 2339 621 2379 exterioris
657 2340 755 2392 gyri.
813 2340 1001 2380 Corollae
1029 2340 1221 2380 femineae
1260 2340 1359 2379 radii
1388 2339 1635 2391 Syngenesa-

294 2428 383 2454 rum
411 2428 501 2454 cum
533 2405 689 2456 'duobus
717 2417 949 2468 segmentis,
993 2416 1125 2456 omnia
1162 2416 1328 2456 stamina
1363 2417 1631 2468 perdiderunt.

293 2491 467 2543 Vulgata
507 2495 599 2531 sunt
640 2493 839 2545 exempla,
884 2493 953 2534 ubi
993 2493 1128 2546 quinta
1159 2505 1251 2545 pars
1294 2492 1501 2532 staminum
1543 2504 1632 2532 cum

293 2567 431 2620 quinta
455 2571 568 2620 parte
601 2568 711 2608 floris
739 2569 875 2621 periit,
916 2570 973 2611 uti
1001 2569 1278 2619 Tormentilla,
1315 2569 1466 2618 Cissus,
1503 2569 1632 2619 Euge-
