1682 2938
907 138 964 180 48

265 245 395 296 Saepe
428 256 588 298 quoque
619 246 835 297 scariosae,
870 253 938 288 aut
973 253 1079 289 totae
1106 253 1172 290 aut
1197 251 1455 303 marginibus,
1491 266 1603 307 repe-

263 320 430 361 riuntur.

371 397 418 437 In
445 397 675 450 quibusdam
710 412 806 440 vero
843 400 987 452 plantis
1015 402 1198 444 bracteae
1237 403 1351 443 aliam
1379 409 1419 444 et
1446 406 1603 458 quidem

264 474 504 515 contrariam
550 476 758 516 subierunt
801 478 1068 519 mutationem.
1150 480 1329 531 MaJ'ores
1366 482 1464 521 fiunt
1497 482 1602 522 foliis

260 550 500 604 (Origanum
514 552 781 603 Dictamnus),
808 553 1001 595 incisuras
1015 556 1296 607 profundiores
1324 558 1478 607 habent,
1508 559 1603 611 quin

262 632 348 668 seta
374 628 601 669 terminatas
628 631 989 682 (Dracocephalum
1016 632 1280 684 Moldavica)‚
1317 635 1477 686 spinosa
1505 637 1603 676 fiunt

262 705 466 756 (Sideritis
495 706 687 757 spinosa),
715 706 1097 762 interdum'quoque
1125 710 1335 760 coloratae,
1364 712 1500 752 colore
1527 713 1604 752 sci-

260 781 355 821 licet
382 782 504 822 rubro
532 786 601 822 aut
630 783 814 823 caeruleo
843 784 1022 835 infectae,
1051 786 1207 838 qualem
1222 787 1469 827 bractearum
1496 802 1603 828 com-

259 858 420 910 plexum
453 872 637 899 comam
672 864 825 900 vocant.
889 861 1095 912 Ejusmodi
1132 864 1369 903 mutationes
1397 865 1602 906 transitum

259 936 310 975 ad
338 935 514 987 calycem
542 936 705 986 sistunt,
749 951 839 977 cum
875 938 1030 989 priores
1065 939 1197 991 potius
1226 941 1428 980 transitum
1454 942 1506 980 ad
1535 955 1602 982 co-

259 1011 412 1052 rollam.
465 1011 690 1066 Numquam
719 1015 802 1054 fere
827 1015 998 1066 petiolus
1025 1016 1197 1067 perstitit
1225 1021 1265 1056 et
1292 1021 1429 1057 auctus
1459 1023 1526 1058 est.

367 1088 413 1128 Si
448 1089 608 1129 bractea
643 1090 824 1142 vaginam
857 1091 976 1141 sistit,
1023 1092 1142 1132 flores
1177 1097 1267 1133 ante
1297 1093 1603 1146 explicationem

259 1164 527 1205 includentem
551 1179 598 1205 ac
626 1170 835 1219 tegentem,
862 1168 1039 1220 spatha
1062 1173 1238 1219 vocatur,
1266 1171 1434 1211 termino
1462 1173 1601 1212 aLin-

258 1254 383 1282 naeo
411 1241 582 1294 primum
608 1243 753 1283 usitato
782 1244 876 1293 (Ph.
907 1245 1002 1284 bot.
1029 1244 1157 1296 201.)

366 1320 578 1369 Bracteae,
604 1320 664 1359 uti
691 1320 804 1370 folia,
832 1320 1005 1361 alternae
1033 1325 1143 1371 sunt,
1180 1323 1388 1374 oppositae
1418 1328 1459 1364 et
1484 1326 1601 1365 verti-

258 1395 425 1436 cillatae,
481 1395 575 1435 Non
610 1409 701 1436 raro
730 1397 910 1438 bracteae
938 1398 1115 1438 alternae
1142 1403 1251 1448 sunt,
1280 1399 1376 1440 folia
1401 1414 1498 1441 vero
1529 1416 1600 1454 op-

255 1472 386 1525 posita
418 1475 487 1512 aut
520 1473 765 1514 verticillata.
834 1474 952 1527 Quod
993 1486 1150 1527 quoque
1191 1475 1296 1515 foliis
1330 1479 1599 1529 superioribus

256 1549 411 1590 accidit.
467 1549 611 1590 Rarius
647 1564 669 1590 e
706 1550 907 1591 contrario
943 1551 1124 1590 bracteae
1158 1552 1364 1603 oppositae
1406 1558 1499 1594 sunt
1533 1560 1600 1595 aut

257 1626 524 1676 verticillatae,
554 1627 650 1667 folia
675 1641 774 1668 vero
802 1628 956 1667 alterna
982 1632 1026 1667 ut
1046 1627 1088 1666 in
1102 1627 1350 1679 Euphorbiis.
1393 1631 1485 1671 Illas
1512 1633 1600 1671 bra-

258 1707 365 1743 cteas
393 1703 606 1744 dimotas
635 1705 767 1744 dicere
795 1703 960 1756 poteris,
987 1704 1056 1743 has
1084 1705 1313 1746 admotas.

364 1780 558 1820 Bracteae
585 1782 842 1822 verticillatae
869 1781 1189 1821 involucrum
1216 1783 1474 1833 constituunt,
1519 1788 1599 1824 ter-

255 1856 364 1897 mino
392 1871 416 1896 a
440 1858 661 1898 Linnaeo
689 1859 858 1910 primum
885 1858 1031 1898 usitato
1059 1857 1197 1910 (Phil.
1226 1859 1321 1899 bot.
1334 1858 1459 1910 201.)
1498 1861 1599 1900 Cum

256 1935 426 1975 eundem
469 1935 588 1975 situm
633 1936 802 1976 habeant
846 1949 892 1975 ac
931 1935 1067 1986 phylla
1107 1936 1302 1988 perigonii
1342 1948 1423 1976 non
1469 1937 1597 1977 minus

255 2012 397 2065 phylla
424 2012 623 2053 involucri
655 2013 787 2053 dicere
814 2013 974 2064 poteris.
1032 2013 1134 2052 Hinc
1161 2013 1408 2053 involucrum
1437 2014 1598 2054 di-tri-

256 2088 609 2140 polyphyllum
639 2094 714 2139 est,
740 2090 835 2142 quin
862 2089 1254 2141 monophyllum‚
1283 2090 1452 2130 bracteis
1472 2092 1598 2130 omni-

256 2165 331 2204 bus
366 2165 451 2204 basi
486 2166 683 2215 connatis,
725 2170 770 2206 ut
804 2167 846 2206 in
867 2166 1078 2218 Bupleuris
1113 2166 1241 2206 variis.
1319 2167 1460 2207 Flores
1498 2168 1597 2208 intra

257 2241 507 2281 involucrum
550 2243 670 2294 positi
720 2243 916 2283 interdum
964 2255 1102 2282 omnes
1153 2255 1203 2282 ex
1253 2243 1381 2283 axillis
1423 2245 1596 2284 bractea-

256 2331 346 2358 rum
374 2330 446 2358 seu
472 2319 699 2371 phyllorum
725 2321 940 2372 prodeunt,
975 2320 1169 2360 interdum
1198 2333 1357 2372 quoque
1384 2322 1593 2372 pauciores

255 2399 347 2435 sunt
372 2395 527 2447 phyllis
546 2400 614 2436 aut
641 2397 783 2437 unicus
812 2398 924 2438 adest
958 2397 1120 2449 reliquis
1155 2397 1442 2446 deficientibus,
1479 2397 1596 2436 inter-

254 2471 349 2511 dum
373 2485 532 2524 quoque
558 2473 696 2523 plures
723 2475 843 2514 flores
861 2474 964 2514 intra
985 2473 1233 2514 involucrum
1253 2477 1455 2525 emergunt
1481 2487 1597 2526 quam

254 2548 440 2589 bracteae
469 2549 775 2601 conspiciuntur,
805 2551 966 2604 reliquis
993 2551 1163 2590 bracteis
1192 2550 1383 2590 obsoletis
1411 2555 1479 2591 aut
1507 2563 1597 2590 eva-

256 2626 520 2677 nescentibus,
547 2627 606 2667 uti
634 2625 878 2675 Androsace‚
904 2628 1116 2676 Pulsatilla,
1145 2627 1398 2667 Umbellatae.
