1682 2938
907 140 991 183 2⁰2

271 261 555 301 compressam;
583 250 740 291 minime
755 264 854 292 vero
873 265 969 292 cava
986 257 1089 303 sunt,
1116 253 1186 293 sed
1202 267 1224 293 e
1241 254 1365 294 tribus
1381 253 1613 306 pluribusve

269 327 501 366 cellularum
536 328 668 368 stratis
703 334 877 378 constat,
921 336 1031 370 arcte
1067 330 1171 370 inter
1212 344 1255 370 se
1300 333 1611 382 conjunctarum,

269 404 396 442 forma
424 406 683 456 sexangulari,
713 405 1042 459 quinquangulari
1061 412 1099 447 et
1118 408 1434 460 quadrangulari.
1465 408 1612 447 Totum

266 480 519 532 pollinarium
547 483 773 522 membrana
800 484 1016 524 obductum
1046 489 1116 524 est.
1171 485 1216 523 In
1245 485 1479 537 quibusdam
1509 498 1542 524 e.
1571 497 1609 536 g.

264 558 380 609 Hoya
408 569 575 598 carnosa
597 559 811 610 marginem
827 561 943 600 habet
957 561 1256 613 prominentem.
1314 561 1503 602 Continet
1532 561 1612 601 cel-

264 634 346 674 lula
374 635 536 688 quaevis
570 636 735 688 granula
768 638 982 688 permulta,
1028 638 1254 678 membrana
1295 638 1519 678 tenuissima
1554 638 1612 677 in-

264 711 391 759 clusa,
432 716 476 751 ut
503 712 596 751 mihi
624 713 780 765 quidem
807 714 981 763 videtur,
1025 728 1146 767 quare
1183 720 1223 755 et
1258 715 1298 754 in
1330 716 1390 755 his
1418 716 1610 755 membra-

266 802 356 828 nam
394 789 592 840 duplicem
628 790 758 829 inesse
794 796 904 842 puto.
974 792 1240 843 Conjunctum
1269 797 1329 832 est
1356 792 1608 844 pollinarium

263 866 303 905 in
332 867 581 906 extremitate
617 867 844 918 angustiore
882 881 971 907 cum
1006 869 1200 920 pedicello
1238 870 1350 909 fusco
1388 869 1455 922 qui
1490 869 1606 908 lateri

263 944 492 995 corpusculi
528 944 743 984 fusiformis
780 945 881 984 fusci
919 945 1088 984 insertus
1125 950 1196 985 est.
1262 946 1512 998 Corpuscula
1546 947 1606 985 fu-

261 1020 459 1069 siformia‚
489 1021 662 1073 quinque
690 1026 801 1068 sunt3
850 1022 1018 1073 quodvis
1047 1035 1185 1061 eorum
1214 1023 1254 1062 in
1281 1023 1404 1063 latere
1432 1023 1606 1074 pedicel-

261 1097 344 1136 lum
387 1097 488 1148 gerit
523 1098 777 1149 pollinarium
814 1102 1057 1147 nectentem,
1107 1112 1275 1151 quorum
1312 1099 1432 1151 igitur
1467 1100 1605 1139 decem

259 1178 364 1214 sunt.
421 1175 714 1226 Corpusculum
738 1176 861 1214 hocce
889 1176 1091 1215 antheram
1118 1180 1216 1228 puto
1246 1177 1317 1216 sed
1345 1176 1492 1228 absque
1521 1177 1605 1228 pol-

259 1251 359 1300 line,
395 1252 676 1304 anamorphosi
710 1256 916 1301 mutatam,
962 1253 1135 1304 quintam
1164 1240 1285 1304 igitur
1311 1255 1424 1305 cujus
1452 1254 1526 1293 litt.
1555 1255 1602 1293 B.

259 1330 406 1370 mentio
435 1331 539 1370 facta
566 1334 636 1370 est.
692 1331 877 1370 Formam
906 1331 1022 1370 habet
1049 1330 1255 1377 antherae3
1288 1329 1504 1383 oblongum
1533 1337 1604 1380 est,

259 1406 358 1446 rima
385 1412 584 1456 notatum,
630 1408 735 1447 intus
764 1420 904 1446 cavum
934 1420 955 1446 e
984 1407 1137 1447 cellulis
1171 1407 1330 1447 minutis
1360 1413 1601 1448 contextum.

258 1483 385 1535 Finge
414 1484 484 1524 tibi
511 1485 715 1524 antheram
737 1484 922 1524 Orchidis
949 1497 1050 1537 quae
1076 1484 1288 1536 pollinaria
1317 1486 1498 1535 exclusit,
1526 1486 1603 1538 ipsi

256 1561 454 1611 pedicello
481 1562 699 1602 lateraliter
726 1561 994 1610 adhaerentia,
1038 1565 1120 1601 tum
1150 1566 1393 1602 contractam
1420 1568 1459 1602 et
1486 1560 1603 1602 habe-

257 1637 316 1677 bis
352 1638 493 1678 faciem
523 1639 751 1690 corpusculi
789 1639 889 1677 fusci
923 1638 1284 1689 Asclepiadearum.
1348 1639 1504 1679 Adnata
1543 1645 1602 1680 est

256 1715 416 1755 anthera
443 1716 545 1767 parti
591 1729 799 1764 carnosae,
842 1729 959 1767 quam
1002 1716 1322 1756 connecticulum
1361 1718 1600 1767 vocaverim,

258 1793 534 1833 connecticulo
564 1793 860 1844 Theophrastae
890 1792 1022 1832 simili.

365 1870 616 1910 Linnaeus
660 1869 898 1921 corpuscula
946 1870 1090 1909 haecce
1138 1871 1320 1910 antheras
1366 1871 1518 1921 putavit
1561 1876 1600 1911 et

255 1946 537 1999 Asclepiadeas
551 1949 599 1987 ad
615 1947 890 1987 Pentandriam
908 1947 1052 1995 retulit,
1080 1948 1358 2000 Jacquinus
1386 1961 1484 1987 vero
1512 1948 1599 1999 pol-

253 2024 393 2064 linaria
427 2025 610 2064 antheras
648 2024 805 2064 vocavit
841 2029 879 2063 et
921 2024 1138 2063 decandras
1180 2025 1284 2064 fecit.
1348 2025 1598 2064 Structuram

253 2101 439 2152 exposuit
466 2102 513 2141 R.
541 2103 720 2141 Brown
761 2101 945 2151 (Verm.
975 2101 1233 2141 Schriften
1262 2102 1299 2141 5.
1330 2101 1423 2152 16.)
1460 2104 1529 2142 cfr.
1559 2107 1599 2142 et

252 2179 495 2219 Schaueri
521 2183 666 2220 tract.
695 2179 743 2228 (l.
774 2191 807 2218 c.
835 2177 962 2228 242).

767 2300 814 2338 l).
869 2299 1080 2338 Fovilla.

359 2378 467 2416 lntra
507 2376 668 2427 pollinis
705 2376 868 2428 granula
913 2381 952 2415 et
993 2376 1151 2428 quidem
1185 2376 1287 2415 intra
1331 2376 1595 2415 membranam

250 2456 444 2495 internam
481 2454 660 2492 fovilla
696 2454 817 2505 degit,
861 2453 1025 2492 materia
1061 2453 1342 2505 mucilaginosa
1375 2466 1446 2492 seu
1481 2453 1594 2505 gluti-

250 2547 348 2574 nosa
377 2531 544 2572 minimis
572 2531 744 2581 granulis
775 2531 891 2570 foeta.
961 2530 1004 2570 Si
1032 2544 1155 2583 aquae
1184 2530 1404 2570 immittitur
1431 2531 1592 2582 pollinis

249 2611 472 2664 granulum,
502 2608 725 2649 intumescit
753 2608 979 2647 membrana
1008 2613 1187 2656 externa,
1218 2607 1353 2647 fovilla
1383 2607 1592 2648 obscurior
