1592 2924
813 120 868 163 42

165 230 321 269 leorum
356 229 586 281 ostendunt,
630 232 701 272 sed
736 230 838 272 locis
873 232 1044 272 definitis
1080 233 1152 272 sub
1181 233 1299 273 ramis
1327 234 1510 288 foliisque

163 305 284 358 positi
311 309 413 346 sunt.

166 427 274 475 130.
340 424 712 493 Epiphyllia
739 433 854 476 sunt
882 432 1050 493 partes
1078 427 1316 478 foliaceae
1344 433 1394 478 in
1426 449 1507 479 su-

347 512 549 579 perficie
581 514 866 579 plantarum
907 520 1115 565 externa
1155 523 1507 566 excrescentes.

270 625 518 679 Frequentes
545 631 639 666 sunt
665 631 800 679 partes
827 628 902 667 hae
924 627 1113 668 foliaceae
1129 628 1169 668 in
1183 629 1384 679 Filicibus,
1407 627 1511 681 'quo-

162 714 250 741 rum
276 703 449 754 petiolos
476 716 596 756 saepe
623 708 770 756 tegunt.
827 706 1056 744 Occurrunt
1084 718 1243 758 quoque
1272 707 1313 745 in
1328 707 1510 758 peduun-

161 778 210 818 lis
246 779 376 819 Rosae
419 793 629 821 muscosae
671 782 915 835 aliarumque
960 781 1196 834 plantarum.
1270 783 1508 837 Plerumque

163 869 351 910 squamae
379 863 584 899 vocantur.

273 934 419 975 Forma
453 935 564 975 varia
591 940 650 976 est
684 940 724 976 et
756 949 898 988 parum
926 936 1197 977 determinata.
1261 937 1305 975 In
1340 936 1457 975 Rosis
1486 951 1507 976 e

161 1010 357 1062 glandulis
393 1011 576 1064 stipitatis
608 1013 807 1062 oriuntur,
842 1014 918 1054 hoc
953 1014 1072 1053 modo
1099 1013 1306 1065 explicatis
1334 1017 1372 1052 et
1417 1026 1509 1053 evo-

161 1087 274 1134 lutis;
331 1088 434 1128 inest
468 1102 628 1142 quoque
662 1102 745 1129 non
780 1103 872 1130 raro
901 1091 1087 1142 glandula
1114 1091 1155 1130 in
1183 1090 1306 1142 apice.
1364 1091 1407 1128 In
1444 1090 1509 1129 Fi-

159 1162 300 1204 licibus
328 1177 410 1204 non
438 1165 567 1206 minus
596 1180 618 1206 e
646 1166 842 1219 glandulis
871 1172 983 1208 ortae
1011 1169 1204 1217 videntur,
1232 1167 1378 1221 quippe
1407 1180 1508 1219 quae

161 1242 200 1282 in
228 1241 289 1281 his
316 1242 462 1294 plantis
494 1243 632 1283 iisdem
667 1244 770 1284 locis
813 1258 1027 1286 occurrere
1063 1245 1206 1286 solent.
1269 1245 1461 1283 Constant
1487 1258 1508 1283 e

162 1319 466 1372 parenchymate
498 1320 613 1367 laxo3
651 1321 691 1360 in
720 1322 838 1362 Rosis
866 1323 1086 1363 rudimenta
1112 1335 1326 1364 nervorum
1355 1335 1376 1360 e
1405 1320 1508 1360 libro

159 1397 475 1449 compositorum
502 1399 653 1438 adsunt.
711 1399 836 1439 Color
863 1399 999 1439 viridis
1028 1404 1108 1446 est;
1143 1400 1183 1439 in
1211 1399 1399 1439 Filicibus
1429 1399 1508 1437 sus-

160 1487 231 1515 cus
259 1479 300 1515 et
326 1474 492 1516 materia
521 1475 706 1515 colorans
740 1477 852 1517 fusca
886 1477 935 1516 ad
963 1475 1208 1516 membranas
1246 1476 1413 1516 collecta
1441 1476 1507 1515 has

162 1552 398 1593 obscuriore
427 1552 566 1592 imbuit
594 1552 744 1592 colore.
