1682 2938
924 142 1008 186 352

297 318 402 365 153.
469 317 710 366 Dinrna
748 321 1002 367 mutatio
1046 322 1211 384 posita
1250 325 1326 369 est
1365 324 1416 370 in
1457 340 1630 372 somno

482 403 714 455 foliorum
763 405 1038 472 florumque
1077 425 1168 456 nec
1210 426 1310 457 non
1342 408 1519 459 horum
1559 413 1629 461 vi-

487 492 636 557 giliis.

399 637 571 677 Somnus
596 636 816 689 plantarum
842 639 1029 692 antiquis,
1068 643 1256 693 quantum
1291 642 1469 692 repperi,
1508 646 1628 682 notus

289 726 370 754 non
398 714 481 764 fuit,
510 717 549 753 et
576 714 812 754 Valerius
842 716 1031 756 Cordus
1058 717 1208 769 primus
1238 721 1309 768 est,
1340 719 1627 770 quiCandol-

287 791 359 832 lio
387 794 501 840 teste,
528 790 645 842 hujus
672 791 911 832 mentionem
938 793 1033 833 fecit
1059 793 1196 844 (Hist.
1225 794 1284 845 pl.
1313 795 1356 834 L.
1371 794 1409 835 2.
1439 809 1472 836 c.
1499 795 1626 847 156.)

394 910 566 950 Somnus
593 910 815 963 plantarum
843 913 884 952 in
911 912 1018 953 foliis
1034 914 1210 954 cernitur
1230 927 1329 967 quae
1355 920 1478 956 noctu
1504 917 1625 957 alium

283 989 428 1029 habent
455 989 583 1038 situm,
612 1001 727 1042 quam
755 988 938 1031 interdiu.
992 991 1137 1031 Varios
1164 992 1316 1041 modos,
1347 992 1486 1045 quibus
1513 994 1624 1033 hicce

285 1068 384 1106 situs
411 1070 602 1115 mutatur,
644 1066 793 1117 optime
830 1066 1013 1119 exposuit
1045 1067 1291 1108 Linnaeus
1331 1067 1454 1119 (Am.
1489 1083 1555 1110 ao.
1583 1071 1622 1112 4.

282 1142 399 1194 333.)
425 1147 470 1184 ut
495 1142 563 1184 vix
591 1142 738 1196 aliquid
765 1143 940 1183 additum
966 1144 1016 1183 sit
1042 1157 1066 1185 a
1092 1144 1389 1197 posterioribus.

391 1263 493 1304 Sunt
526 1263 660 1316 itaque
696 1263 841 1303 diversi
875 1264 1004 1303 somni
1031 1265 1140 1304 modi
1174 1264 1214 1304 in
1242 1265 1347 1305 foliis
1387 1266 1623 1318 simplici-

280 1341 367 1381 bus
397 1345 627 1394 sequentes:
682 1341 798 1381 Folia
826 1342 1167 1391 conniventia,
1204 1355 1294 1381 cum
1322 1343 1400 1383 duo
1430 1343 1526 1383 folia
1551 1356 1622 1396 op-

278 1418 410 1471 posita
435 1418 580 1470 pagina
608 1418 814 1470 superiore
842 1422 950 1458 arcte
977 1419 1027 1458 ad
1054 1432 1142 1459 sese
1175 1424 1313 1460 mutuo
1348 1424 1470 1460 noctu
1497 1421 1622 1472 appli-

278 1501 418 1535 cantur
445 1508 479 1535 e.
509 1508 545 1547 g.
574 1494 756 1547 Atriplex
773 1495 997 1545 *hortensia
1044 1496 1181 1537 Alsine
1208 1497 1354 1544 media;
1410 1497 1438 1538 f.
1466 1496 1512 1536 in
1523 1497 1621 1545 clu·

279 1572 463 1621 dentia,
508 1585 599 1612 cum
635 1571 731 1611 folia
767 1572 936 1621 alterna,
973 1577 1097 1612 noctu
1130 1586 1174 1613 se
1204 1573 1306 1614 cauli
1333 1573 1621 1626 approximant,

277 1662 311 1690 e.
341 1663 378 1702 g.
418 1649 513 1688 Sida
548 1646 758 1697 Abutilon3
813 1649 839 1688 f.
876 1649 1337 1702 circumsepientia,
1388 1664 1477 1690 cum
1513 1650 1620 1700 folia,

275 1726 374 1766 alias
400 1725 661 1766 horizontalia
693 1729 816 1765 noctu
850 1724 1055 1777 eriguntur
1089 1731 1129 1766 et
1164 1728 1317 1767 caulem
1351 1731 1420 1768 aut
1448 1727 1621 1768 ramulo-

275 1816 365 1843 rum
393 1804 546 1855 apicem
573 1802 896 1854 circumcingunt,
925 1815 958 1842 e.
987 1815 1023 1854 g.
1052 1802 1188 1843 Malva
1213 1804 1440 1854 peruviana,
1468 1805 1619 1844 Datura

275 1880 564 1927 Stramonium;
610 1880 637 1919 f.
662 1879 931 1919 munientia
958 1892 1048 1919 cum
1080 1879 1176 1919 folia
1202 1892 1386 1931 suprema
1414 1893 1505 1920 cum
1531 1880 1618 1920 lon-

272 1957 332 2009 gis
361 1957 442 1996 suis
470 1955 627 2008 petiolis
663 1960 784 1997 noctu
820 1957 1076 1997 circumcirca
1110 1956 1334 2008 dependent
1363 1969 1396 1996 e.
1430 1969 1466 2008 g.
1491 1957 1619 2009 Impa-

271 2033 373 2073 tiens
402 2033 674 2085 Nolitangere.

378 2143 425 2183 In
460 2143 565 2183 foliis
609 2143 917 2196 compositis
958 2156 1056 2184 vero
1092 2148 1185 2184 sunt
1219 2147 1447 2197 sequentes:
1501 2142 1616 2183 Folia

270 2218 702 2271 conduplicantia,
731 2234 820 2260 cum
854 2218 995 2261 foliola
1023 2220 1098 2260 sibi
1125 2221 1306 2270 invicem,
1333 2225 1377 2260 ut
1400 2220 1491 2259 libri
1519 2219 1616 2259 folia

269 2296 613 2348 approximantur,
660 2298 908 2350 superiorem
935 2311 1047 2338 suam
1074 2298 1246 2349 tegentia
1271 2296 1474 2349 paginam,
1518 2309 1550 2337 e.
1578 2309 1615 2348 g.

268 2374 463 2425 Lathyrus
492 2374 702 2422 odoratus;
741 2376 766 2415 f.
797 2374 1126 2424 involventia,
1154 2388 1244 2415 cum
1272 2373 1411 2414 foliola
1438 2373 1615 2425 apicibus

269 2453 423 2490 tantum
450 2450 681 2500 connivent,
723 2464 756 2491 e.
783 2464 818 2503 g.
849 2452 1060 2492 Trifolium
1093 2451 1358 2499 incarnatum
1401 2450 1427 2490 f.
1458 2450 1617 2490 diver-

269 2527 455 2578 gentia,
484 2540 575 2567 cum
603 2527 743 2567 foliola
770 2528 855 2569 basi
869 2529 1203 2581 approximantur,
1232 2528 1342 2579 apice
1356 2539 1454 2567 vero
1468 2530 1615 2578 patent,

270 2616 304 2644 e.
334 2617 370 2656 g.
406 2603 614 2645 Melilotus
653 2604 884 2654 officinalis3
940 2606 965 2645 f.
1002 2605 1316 2646 invertentia
1351 2617 1441 2643 cum
1479 2602 1615 2643 foliola
