1682 2938
922 163 1004 205 218

296 283 384 308 cum
412 270 527 321 plura
554 270 687 309 ovaria
713 285 742 310 s.
774 273 944 324 carpella
972 276 1101 325 posita
1127 280 1227 324 sunt,
1254 281 1298 315 ut
1326 277 1365 315 in
1393 278 1560 317 Labiatis
1589 283 1628 317 et

295 346 559 398 Boi-ragineis.

401 443 539 484 Pistilli
565 459 656 497 pars
684 448 812 487 media
838 461 909 488 seu
937 450 1157 498 columella,
1186 451 1242 489 uti
1264 452 1491 502 pedicellus,
1521 465 1627 491 com-

291 521 420 572 posita
457 526 517 561 est
549 536 570 561 e
606 523 783 574 pluribus
812 525 1008 566 fasciculis
1043 540 1229 566 vasorum
1263 541 1293 567 s.
1322 529 1504 580 lignosis,
1545 542 1627 568 me-

290 598 436 636 dullam
450 598 795 649 intercipientibus,
808 614 898 640 nam
917 602 1012 654 ligni
1034 604 1212 652 annulus,
1241 605 1274 643 si
1298 606 1516 657 dicotyleae
1533 611 1625 645 sunt

290 674 457 725 plantae,
484 675 524 713 in
540 689 647 715 ramo
670 682 735 715 aut
749 677 944 727 pedicello
968 680 1236 731 reperiundus,
1264 695 1419 734 semper
1435 685 1507 723 sub
1526 685 1624 723 flore

288 750 328 789 in
355 751 489 802 plures
517 753 728 793 fasciculos
758 755 952 794 dividitur.

397 861 571 900 Germen
597 863 765 914 simplex
793 868 945 904 constat
981 878 1031 904 ex
1066 866 1219 907 duobus
1248 869 1477 919 pluribusve
1505 870 1621 918 foliis,

289 954 309 977 e
352 939 561 978 columella
605 940 907 990 prodeuntibus,
962 943 1200 993 marginibus
1243 947 1420 985 connatis
1460 950 1499 985 et
1545 947 1621 985 hoc

286 1017 403 1055 modo
432 1017 581 1054 semina
608 1016 906 1055 includentibus.
962 1018 1120 1057 Semina
1156 1033 1227 1059 seu
1263 1022 1381 1061 ovula
1414 1035 1568 1074 semper
1598 1037 1618 1062 e

286 1092 482 1131 fasciculis
509 1092 671 1142 lignosis
700 1092 932 1132 columellae
961 1094 1158 1144 oriuntur,
1187 1109 1261 1136 nec
1286 1111 1307 1137 e
1336 1099 1451 1138 foliis.
1507 1100 1619 1149 Ejus-

283 1170 389 1208 modi
416 1168 629 1208 fasciculus
658 1173 724 1207 aut
751 1168 884 1219 plures
914 1171 1091 1210 fasciculi
1109 1171 1252 1223 lignosi
1276 1175 1484 1214 combinati
1512 1189 1619 1227 spo-

283 1247 547 1297 rophorum
575 1245 817 1285 constituunt
846 1247 964 1286 ovula
994 1254 1031 1286 et
1054 1250 1202 1289 semina
1217 1252 1424 1291 sustinens.
1482 1253 1524 1290 Si
1554 1266 1619 1292 co—

278 1323 438 1362 lumella
476 1336 549 1374 per
583 1336 696 1362 axem
733 1324 918 1373 germinis
953 1325 1127 1364 decurrit
1169 1327 1262 1366 satis
1293 1333 1401 1379 patet
1436 1329 1526 1368 huic
1554 1330 1619 1368 ad-

280 1413 382 1439 nexa
408 1413 496 1439 esse
526 1400 662 1448 ovula,
706 1413 795 1438 nam
831 1399 870 1438 in
900 1401 1047 1440 ambitu
1075 1402 1250 1442 invenies
1279 1404 1376 1444 alios
1406 1407 1615 1445 fasciculos

279 1477 472 1528 lignosos,
514 1476 746 1515 columellae
784 1478 988 1527 oppositos
1017 1479 1157 1531 quibus
1198 1480 1306 1520 nulla
1341 1483 1493 1522 adnexa
1527 1488 1616 1522 sunt

279 1554 406 1602 ovula,
434 1567 579 1592 nervos
608 1553 757 1593 medios
787 1554 973 1593 foliorum
1004 1556 1287 1597 constituentes
1317 1572 1338 1598 e
1364 1559 1503 1611 qnibus
1531 1560 1615 1599 val-

277 1644 348 1669 vae
378 1631 588 1681 pericarpii
617 1631 808 1671 oriuntur.
863 1632 1100 1682 Hujusmodi
1136 1647 1298 1685 germen
1332 1649 1403 1675 seu
1439 1637 1614 1676 ovarium

277 1707 501 1747 centrale
531 1707 707 1746 dixerim.
772 1707 815 1746 Si
851 1721 946 1746 vero
985 1710 1195 1750 columella
1229 1725 1302 1762 per
1330 1714 1498 1752 medium
1527 1727 1613 1764 ger-

275 1798 364 1824 men
393 1798 473 1823 non
502 1784 652 1832 transit,
682 1784 859 1822 fasciculi
883 1784 1026 1834 lignosi
1054 1786 1103 1824 ad
1130 1787 1231 1826 latus
1258 1789 1478 1838 flectuntur,
1507 1790 1612 1830 foliis

276 1861 521 1913 applicantur
549 1861 799 1912 sporophora
828 1863 983 1911 sistunt,
1019 1862 1168 1902 semina
1197 1864 1429 1905 sustinentia
1458 1871 1496 1905 et
1524 1880 1611 1917 ger-

277 1952 365 1977 men
395 1951 465 1977 seu
493 1937 670 1976 ovarium
707 1938 951 1988 parietale
988 1940 1240 1980 constituunt.
1302 1940 1404 1980 Nam
1440 1947 1534 1980 tunc
1569 1943 1610 1981 in

273 2015 485 2066 parietibus
515 2014 648 2065 plures
677 2015 890 2054 decurrunt
917 2017 1096 2056 fasciculi
1128 2017 1271 2068 lignosi
1306 2018 1455 2057 semina
1493 2020 1607 2057 susti-

274 2097 431 2139 nentes,
488 2105 603 2143 quam
647 2092 688 2130 in
730 2093 904 2143 germine
940 2093 1112 2132 centrali.
1196 2094 1386 2144 Exempla
1422 2096 1610 2145 praebent

274 2169 408 2217 Viola,
453 2168 583 2207 Cistus
620 2173 692 2208 etc.
763 2170 833 2209 Est
870 2183 1026 2222 quoque
1062 2171 1292 2209 intermedia
1325 2171 1467 2220 forma,
1519 2185 1606 2222 ger-

274 2259 364 2286 men
400 2245 735 2295 subcentrale,
778 2246 812 2286 si
856 2246 1008 2286 scilicet
1047 2247 1256 2286 columella
1290 2247 1330 2286 in
1363 2261 1436 2287 axe
1468 2262 1605 2288 cavum

272 2322 469 2374 relinquit,
499 2322 548 2360 ob
578 2322 788 2362 fasciculos
811 2325 892 2374 jam
915 2324 1102 2372 deflexos,
1129 2329 1174 2362 ut
1201 2324 1241 2362 in
1268 2324 1478 2374 Hyperico,
1505 2325 1606 2364 Aza-

270 2401 333 2440 lea
361 2405 435 2439 etc.
498 2398 541 2436 Si
569 2412 664 2438 vero
693 2400 807 2450 plura
836 2400 969 2439 ovaria
997 2413 1027 2439 s.
1056 2400 1229 2451 carpella
1256 2401 1397 2439 adsunt
1424 2403 1604 2452 (germen

273 2492 294 2516 c
305 2491 329 2516 o
340 2491 375 2515 m
386 2490 410 2527 p
422 2475 553 2514 ositu
564 2475 646 2522 m),
665 2481 707 2515 ut
724 2476 764 2515 in
773 2476 1096 2525 Ranunculaceis‚
1113 2490 1248 2516 omnes
1264 2477 1440 2516 fasciculi
1458 2478 1604 2530 lignosi

271 2556 514 2604 separantur,
541 2552 818 2600 deflectuntur,
848 2553 927 2591 bini
956 2546 1156 2605 conjuncti
1183 2555 1301 2593 ovula
1328 2555 1534 2604 sustinent,
1564 2561 1603 2595 et

270 2631 408 2670 folium
435 2629 629 2680 singulum
656 2629 695 2668 in
723 2629 846 2669 latere
873 2630 1058 2670 interiore
1090 2631 1328 2682 sporophori
1355 2632 1498 2683 singuli
1513 2645 1602 2671 ena-
