1682 2938
919 139 1002 180 258

293 246 417 285 sulam
445 245 786 297 centriseptam
814 248 992 287 dixerim.
1049 250 1252 300 Frequens
1281 254 1341 288 est
1368 249 1408 287 in
1435 250 1626 298 Liliaceis,
1672 260 1674 263 ’

293 323 362 360 sed
397 335 554 374 quoque
587 322 627 361 in
660 322 879 374 Dicotyleis
915 326 1089 364 occurrit
1123 339 1155 364 e.
1187 339 1222 376 g.
1255 326 1294 364 in
1330 325 1626 364 Rhinanthaceis

293 398 492 450 Polygala,
519 398 682 438 Petunia
709 400 883 452 aliisque.
938 402 1080 441 Rarius
1109 396 1225 441 etiam
1252 403 1301 440 ad
1330 401 1522 453 margines
1550 402 1629 440 val-

292 487 428 513 varum
468 475 744 526 dissepimenta
782 483 873 516 sunt
918 479 988 517 sed
1030 478 1287 530 incompleta,
1347 479 1396 517 ad
1441 478 1627 518 columel-

291 548 370 590 lam
397 564 478 590 non
507 553 747 602 accedentia,
776 554 882 606 quod
915 554 954 593 in
982 555 1193 594 Fritillaria
1221 555 1414 606 imperiali
1440 555 1626 594 videmus.

288 629 577 681 Dissepimenta
603 628 869 670 loculamenta
897 631 1150 683 intercipiunt
1179 636 1217 670 et
1249 633 1465 670 secundum
1493 645 1627 671 nume-

287 719 376 744 rum
415 706 768 746 loculamentorum
795 708 954 758 capsula
998 708 1355 747 bi-multilocularis
1391 709 1544 748 dicitur.
1574 731 1626 738 ——

287 782 369 822 Aut
401 782 538 822 valvae
573 796 774 823 convexae
808 784 1046 835 marginibus
1087 789 1239 824 tantum
1272 785 1312 823 in
1349 786 1626 837 dissepimenta

287 863 491 898 transeunt
526 872 616 898 cum
651 860 863 900 columella
897 865 1075 900 connata.
1142 862 1429 913 Dissepimenta
1458 862 1534 901 ista
1560 868 1626 902 aut

287 936 485 987 duplicata
513 939 604 974 sunt
630 936 869 987 marginibus
898 937 1079 976 omnibus
1106 938 1148 976 in
1176 938 1452 989 dissepimenta
1480 950 1626 978 exeun-

287 1013 399 1061 tibus,
428 1016 496 1051 aut
524 1012 728 1062 simplicia,
758 1013 1046 1064 dissepimentis
1075 1014 1243 1054 duorum
1256 1015 1471 1065 marginum
1491 1015 1624 1066 proxi-

286 1102 441 1129 morum
455 1089 646 1128 connatis.
676 1089 887 1141 Capsulam
905 1088 1191 1140 dissepimentis
1210 1090 1484 1141 marginalibus
1513 1104 1623 1130 mar-

286 1166 575 1218 giniseptam
602 1165 844 1212 vocaverim;
883 1167 1056 1205 occurrit
1091 1167 1130 1205 in
1158 1167 1356 1215 Solaneis,
1389 1167 1623 1214 Personatis,

286 1243 485 1282 Ericaceis
517 1246 592 1281 etc.
653 1243 736 1281 Hae
767 1243 952 1293 capsulae
990 1243 1031 1282 in
1059 1243 1146 1282 illas
1188 1244 1373 1282 facillime
1409 1248 1624 1291 transeunt,
1668 1247 1670 1250 ’

285 1333 382 1372 quas
426 1318 810 1370 di-polycoccas
860 1332 931 1359 seu
980 1319 1430 1371 multicapsulares
1471 1325 1623 1360 vocant.

284 1398 412 1447 Hujus
441 1396 524 1435 loci
558 1400 617 1435 est
651 1396 811 1448 capsula
840 1396 1002 1435 dicocca
1029 1396 1301 1446 Stellatarum,
1342 1397 1515 1436 tricocca
1547 1397 1624 1436 Eu-

284 1473 619 1526 phorbiacearum,
648 1473 978 1524 multicapsularis
1007 1474 1206 1525 Spiraeae‚
1234 1478 1477 1525 pentacocca
1502 1473 1625 1513 Gera-

283 1551 450 1599 niorum,
480 1549 702 1601 polycocca
730 1549 888 1589 Malvae
917 1555 956 1590 et
984 1551 1169 1590 affinium.
1226 1551 1305 1589 Sed
1335 1551 1500 1602 capsula·
1523 1564 1623 1589 mar-

282 1627 477 1678 ginisepta
511 1638 593 1665 non
628 1626 757 1665 solum
791 1626 832 1665 in
876 1628 1054 1678 capsulas
1094 1627 1333 1678 polycoccas
1374 1627 1512 1666 transit
1554 1628 1624 1666 sed

282 1715 441 1755 quoque
473 1702 635 1753 capsula
663 1702 901 1753 centrisepta
927 1703 1209 1754 tri-capsularis
1237 1704 1290 1752 fit,
1320 1708 1362 1742 ut
1382 1704 1422 1742 in
1440 1705 1621 1743 Veratro.

282 1802 333 1808 —
362 1778 456 1818 Non
483 1791 576 1818 raro
600 1778 810 1818 columella
837 1779 941 1817 ultra
978 1780 1149 1818 fructum
1179 1781 1402 1830 elongatur,
1449 1781 1555 1832 quod
1582 1780 1620 1818 in

280 1856 609 1895 Rhododendreis
646 1856 781 1905 variis,
828 1857 866 1894 in
904 1855 1096 1904 Geranio,
1138 1856 1353 1895 Malvaceis
1391 1857 1622 1907 quibusdam
1677 1863 1682 1909 ¹j

281 1931 446 1984 aliisque
474 1931 663 1972 videmus.

389 2063 561 2115 Capsula
584 2062 850 2115 parietalis
879 2064 993 2102 habet
1021 2063 1170 2103 semina
1191 2064 1407 2115 parietibus
1437 2063 1618 2114 capsulae
1644 2071 1653 2082 ¹

279 2140 407 2179 affixa.
463 2141 590 2192 Hujus
620 2140 750 2180 variae
778 2145 869 2179 sunt
897 2140 1062 2191 species.
1120 2141 1378 2192 Sporophora
1394 2139 1618 2191 peculiaria,
1673 2161 1675 2189 t

278 2217 494 2256 incrassata
525 2230 649 2257 nervo
678 2216 807 2256 medio
830 2217 1032 2256 valvarum
1061 2217 1268 2266 (foliorum
1289 2215 1524 2264 valvarium)
1552 2216 1620 2256 ad·

277 2296 369 2331 nata
396 2297 506 2341 sunt,
542 2294 649 2346 quod
677 2293 718 2332 in
746 2293 950 2343 Violariis,
990 2294 1192 2343 Cistineis,
1230 2293 1436 2333 Orchideis
1465 2292 1615 2332 multis—
1671 2312 1673 2331 1

277 2381 354 2421 que
382 2368 468 2408 aliis
496 2370 684 2409 videmus.
741 2369 950 2421 Singulare
979 2375 1056 2420 est,
1098 2372 1345 2423 sporophora
1379 2370 1420 2408 in
1454 2369 1617 2421 dissepi-
1670 2399 1671 2407 ,

276 2451 409 2485 menta
444 2446 683 2497 incompleta
719 2459 952 2486 excrescere
989 2447 1028 2486 in
1063 2449 1271 2499 Papavere.
1327 2446 1615 2498 Sporophoron
1669 2430 1671 2476 ἓ

275 2523 446 2572 unicum,
474 2522 754 2575 dissepimento
768 2529 933 2575 angusto
949 2524 1086 2564 valvae
1109 2526 1302 2572 adnatum,
1323 2525 1478 2562 demum
1507 2523 1613 2572 solu-
1667 2523 1670 2573 ξ

275 2604 358 2638 tum
385 2599 425 2639 in
445 2599 714 2651 Asclepiadeis
731 2601 993 2640 observamus.
1051 2602 1126 2641 Per
1152 2613 1294 2641 nervos
1321 2601 1459 2651 plures.
1485 2600 1611 2651 paral-
