1592 2924
842 123 896 166 14

198 249 231 275 e.
269 247 307 286 g.
341 234 382 273 in
417 233 588 286 Epilobii
623 234 878 286 angustifolio
928 234 1074 286 (Rud.
1112 235 1137 275 l.
1177 236 1242 286 c.).
1308 237 1352 276 ln
1387 238 1537 289 magnis

196 310 424 351 staminibus
454 315 495 350 et
520 311 677 363 quidem
705 312 910 352 filamentis
944 325 1019 352 nec
1056 325 1138 352 non
1175 313 1331 364 pistillis
1368 314 1448 353 vidi
1482 316 1535 364 (e.

195 402 231 440 g.
261 388 422 437 Datura,
449 387 700 438 Passiflora);
735 389 1054 442 Rudolphius
1083 390 1309 430 observavit
1337 391 1376 429 in
1405 393 1539 430 anthe-

195 464 251 505 ris
279 464 369 504 Lilii
395 464 579 505 bulbiferi
605 466 744 516 (Rud.
768 467 794 506 l.
814 467 880 518 c.).
937 467 982 506 In
1011 466 1187 518 germine
1215 467 1449 520 plerumque
1478 481 1540 507 re-

194 541 417 594 periuntur;
447 541 724 583 oblitterantur
746 544 787 583 in
816 544 948 583 fructu
975 547 1142 584 maturo.
1200 545 1323 584 Testa
1344 545 1390 584 iis
1420 550 1538 593 caret,

195 619 266 659 sed
300 618 577 670 cotyledones,
623 624 761 672 utpote
804 619 901 660 folia
937 620 1140 660 seminalia
1178 622 1312 661 futura
1354 622 1448 673 ipsis
1482 622 1538 660 in-

193 700 364 736 structae
391 701 493 736 sunt.

302 789 363 828 Ex
390 788 450 828 his
478 794 586 841 patet
612 794 745 841 partes
773 790 919 830 virides
947 790 1182 843 plerumque
1210 790 1303 842 ipsis
1328 791 1538 830 instructas

195 878 294 915 esse,
324 865 522 906 coloratas
537 879 620 906 non
647 866 712 916 ita,
741 867 917 919 exceptis
942 867 1048 906 foliis
1073 867 1214 916 rubris,
1238 867 1306 906 ubi
1333 879 1431 906 vero
1461 867 1540 906 cel-

191 942 298 982 lulae
324 943 507 982 stomatia
542 943 826 984 constituentes
859 944 1070 984 virescunt.
1154 945 1291 983 Partes
1329 943 1537 983 decolores

191 1019 451 1072 pallescentes
475 1019 522 1059 iis
552 1024 704 1069 carent,
734 1020 769 1059 si
796 1021 949 1060 scilicet
976 1021 1050 1061 iste
1078 1025 1201 1060 status
1231 1019 1397 1060 decolor
1424 1025 1538 1059 natu-

192 1096 287 1137 ralis
315 1097 451 1144 fuerit,
492 1096 527 1135 si
553 1096 766 1136 artificialis
794 1110 911 1147 vero,
941 1098 1092 1137 adsunt.
1150 1097 1277 1137 Color
1303 1096 1440 1137 viridis
1468 1097 1538 1135 ita-

192 1186 270 1226 que
296 1173 390 1225 ipsis
419 1172 518 1213 solis
545 1186 627 1213 non
653 1174 895 1225 producitur.

301 1272 455 1312 Desunt
481 1273 642 1312 omnino
670 1273 712 1312 in
740 1273 1033 1324 Cryptophytis.
1090 1273 1135 1312 In
1162 1272 1426 1324 apophysibus
1448 1272 1540 1310 Mu-

191 1362 353 1390 scorum
387 1349 649 1401 plurimorum
688 1349 888 1400 (exceptis
924 1349 1143 1401 deplanatis
1179 1348 1394 1401 Sphlachui
1430 1349 1539 1387 rubri

191 1430 232 1466 et
257 1424 376 1476 lutei)
416 1426 565 1477 primus
592 1425 742 1465 invenit
769 1426 1077 1466 Treviranus
1109 1426 1283 1475 (Beitr.
1313 1425 1377 1466 10.
1406 1425 1470 1476 fig.
1497 1425 1535 1465 9.

191 1502 255 1545 10.
285 1501 372 1551 11.)
399 1506 438 1542 et
465 1502 551 1554 ipse
578 1502 670 1542 vidi.
728 1503 944 1542 Confirmat
964 1503 1031 1542 Un
1042 1516 1095 1554 ge
1106 1515 1188 1542 rus
1216 1503 1262 1553 (l.
1288 1515 1323 1541 c.
1350 1500 1439 1550 47.)
1467 1501 1539 1542 sed

189 1579 311 1619 malas
339 1579 594 1620 dediticones.
650 1578 686 1619 A
715 1579 878 1633 reliquis
905 1580 1098 1620 stomatiis
1123 1593 1206 1619 non
1221 1578 1446 1619 difeferunt.
1491 1579 1536 1617 In

189 1656 446 1696 Marchantiis
474 1669 572 1697 vero
609 1656 814 1705 differunt,
850 1669 899 1697 eo
928 1657 1037 1710 quod
1071 1656 1240 1696 cellulae
1281 1655 1396 1695 binae
1433 1655 1537 1695 intra

189 1733 348 1774 foveam
373 1733 527 1785 positae
555 1738 600 1773 ut
627 1733 908 1774 inProteaceis
935 1734 1074 1774 rimam
1101 1746 1184 1773 non
1204 1732 1438 1785 relinquant,
1466 1733 1536 1772 sed

189 1810 274 1850 fere
299 1810 507 1850 cruciatim
534 1811 689 1863 positae
718 1811 807 1851 sint.
864 1811 1155 1850 Krockerus
1182 1822 1266 1850 sen.
1302 1809 1452 1862 primus
1479 1810 1537 1850 vi-

190 1887 264 1936 dit,
298 1887 614 1940 Rudolphius
650 1902 674 1928 a
701 1887 893 1928 stomatiis
922 1887 1143 1939 distinguit,
1185 1901 1261 1927 nec
1299 1900 1382 1927 non
1409 1900 1537 1939 nuper

188 1964 411 2004 Mohlius
448 1964 582 2015 (Act.
615 1964 694 2004 Ac.
723 1967 869 2016 Leop.
901 1966 946 2004 T.
965 1963 1029 2004 16.
1059 1966 1102 2004 P.
1120 1965 1158 2005 2.
1187 1979 1226 2016 p.
1247 1963 1376 2014 798),
1423 1963 1535 2002 Mir-

189 2041 350 2081 belius
378 2041 577 2093 elegantes
606 2041 712 2082 dedit
738 2042 873 2082 icones
902 2046 941 2081 et
968 2042 1009 2081 in
1036 2042 1179 2094 pagina
1207 2040 1318 2080 thalli
1352 2040 1433 2079 luci
1462 2040 1532 2079 ob-

189 2130 304 2158 serva
340 2123 492 2158 tantum
526 2119 711 2169 inveniri,
758 2119 982 2160 observavit
1022 2119 1090 2169 (S.
1125 2119 1150 2157 l.
1182 2117 1458 2157 Marchant.
1495 2130 1534 2168 p.

188 2194 226 2235 6.
255 2195 354 2245 20.).

294 2288 443 2339 Aperta
470 2293 562 2328 sunt
588 2289 769 2328 stomatia
797 2293 865 2328 aut
886 2287 1028 2338 clausa,
1057 2301 1140 2327 non
1168 2287 1300 2327 solum
1329 2288 1380 2326 ob
1409 2291 1534 2326 mate-

187 2364 286 2404 riam
313 2376 539 2417 grumosam
566 2364 707 2415 majori
742 2365 886 2405 minori
925 2365 1040 2417 copia
1076 2368 1303 2404 contentam
1338 2365 1408 2403 sed
1437 2377 1534 2416 quo-

188 2454 264 2501 que
294 2442 345 2482 ob
371 2441 533 2482 cellulas
561 2454 704 2493 porum
731 2431 947 2483 ambientes
973 2443 1095 2494 magis
1123 2442 1304 2481 minusve
1333 2441 1532 2492 collapsas

189 2502 229 2558 et
255 2523 474 2571 turgentes,
510 2518 569 2557 uti
589 2519 675 2569 ,iam
703 2518 743 2557 in
771 2532 891 2570 supra
918 2520 1065 2559 dictum
1094 2524 1165 2559 est.
1221 2518 1532 2558 Observationes

187 2595 408 2638 Auctorum
437 2595 599 2646 collegit
627 2596 929 2636 Treviranus
957 2595 1203 2648 (Physiol.
1233 2609 1271 2646 p.
1286 2594 1404 2644 498.)
1432 2595 1531 2634 meis
