1682 2938
884 145 966 188 276

368 256 464 297 Flos
492 255 768 308 anamorphosi
795 257 965 297 naturali
980 270 1052 296 seu
1079 257 1367 308 catamorphosi
1394 269 1475 295 non
1503 269 1593 296 raro

258 335 353 375 loco
400 333 585 386 germinis
630 333 838 373 bulbillum
883 335 1036 386 profert
1076 322 1198 385 'quod
1244 334 1284 373 in
1325 334 1442 373 variis
1481 333 1595 372 Alliis

259 412 420 452 obtinet.

367 488 648 528 Loculamenta
674 488 870 528 interdum
897 500 1055 540 quoque
1077 492 1302 527 monstrosa
1318 486 1596 538 anamorphosi

259 566 484 606 oblitterata
511 565 761 616 reperiuntur
787 565 945 616 (Jaeg.
973 565 1100 614 200.)ο

368 644 556 682 Putamen
590 655 748 694 quoque
783 644 824 682 in
859 643 993 694 drupis
1021 655 1103 681 non
1137 641 1360 680 induratum
1388 641 1595 692 reperitur,

259 720 366 773 quod
391 720 432 759 in
459 719 601 759 Prunis
628 732 711 759 non
738 720 793 759 ita
821 732 912 759 raro
941 719 1182 758 observatur.

260 875 366 922 143.
430 872 649 920 :Semcn
691 873 903 918 continet
945 859 1253 936 embryonem
1301 874 1431 918 intra
1470 874 1594 919 inte-

387 964 640 1024 gumenta,
666 961 828 1023 ipsum
860 960 1139 1022 pericarpio
1173 962 1361 1004 tectum.

367 1071 513 1111 Semen
538 1069 667 1122 primo
694 1067 787 1108 loco
812 1073 915 1109 statu
935 1069 1143 1108 immaturo
1168 1069 1494 1109 considerandum
1523 1075 1594 1119 est,

257 1153 342 1189 tum
376 1147 427 1187 ad
460 1147 698 1187 mutationes
732 1146 1082 1198 progrediendum,
1129 1146 1267 1198 quibus
1296 1146 1508 1185 obnoxium
1536 1151 1596 1186 est

257 1227 351 1266 dum
375 1226 424 1265 ad
451 1229 648 1264 maturum
675 1224 857 1275 pervenit
883 1227 1038 1264 statum.
1094 1222 1415 1272 Gaertnerus,
1451 1223 1518 1275 qui
1546 1225 1595 1263 de

257 1302 449 1342 fructibus
479 1305 518 1340 et
532 1301 744 1341 seminibus
769 1300 1015 1352 praeclarum
1035 1297 1155 1339 edidit
1171 1312 1270 1351 opus
1298 1300 1353 1349 (v.
1382 1314 1413 1340 s.
1440 1299 1475 1354 ξ.
1503 1300 1595 1352 pn),

258 1384 403 1420 statum
429 1382 626 1418 maturum
654 1378 847 1417 seminum
875 1378 1145 1417 tantummodo
1172 1377 1444 1417 consideravit.
1486 1378 1596 1416 Post-

257 1471 375 1510 quam
401 1456 426 1495 J
433 1454 624 1494 ussieui
651 1459 825 1505 systema
852 1454 1021 1494 innotuit
1046 1456 1096 1495 de
1129 1454 1408 1507 embryonibus
1437 1455 1596 1507 quidem

258 1533 417 1574 solliciti
431 1534 543 1572 fuere
557 1532 747 1581 Botanici,
763 1533 833 1572 sed
852 1532 1120 1584 integumenta
1133 1532 1402 1583 neglexerunt.
1432 1532 1595 1581 Primus,

257 1611 327 1663 qui
353 1613 577 1649 accuratam
608 1610 750 1649 horum
785 1609 892 1648 dedit
923 1610 1144 1658 notionem,
1183 1609 1257 1648 fuit
1285 1610 1327 1648 L.
1357 1609 1400 1647 G.
1433 1608 1598 1648 Trevi-

258 1698 423 1735 ranus,
458 1687 570 1736 cujus
599 1698 720 1737 opus:
760 1686 871 1724 Von
899 1684 985 1724 der
1012 1686 1359 1737 Entwicklung
1387 1686 1470 1724 des
1497 1685 1596 1724 Em-

257 1764 380 1815 bryo
422 1763 516 1802 und
560 1761 729 1801 seiner
762 1761 1124 1813 Umhiillungen
1167 1762 1226 1801 im
1262 1762 1597 1811 Pflanzen-Ei,

257 1840 364 1880 Berl.
396 1838 580 1879 1815.-4.
591 1869 601 1888 ,
636 1839 763 1890 prima
791 1839 891 1889 jecit
925 1839 1177 1878 fundamenta
1213 1851 1350 1877 eorum
1389 1851 1489 1891 quae
1523 1839 1597 1877 hac

259 1919 332 1958 der
358 1930 402 1957 re
431 1916 717 1968 cognoscimus.
771 1916 869 1955 Post
902 1916 1036 1967 plures
1071 1928 1195 1954 annos
1233 1915 1379 1954 addidit
1413 1916 1597 1954 observa-

259 1996 389 2035 tiones
416 1994 679 2034 recentiores:
723 1993 793 2032 De
822 2005 912 2033 ovo
952 1992 1228 2044 vegetabili
1263 1994 1469 2044 ejusque
1504 2005 1596 2031 mu-

261 2071 557 2120 tationibus,
594 2070 803 2110 vratislav.
833 2069 950 2110 1828.
980 2069 1018 2109 4.
1073 2070 1300 2119 Foramina,
1346 2082 1446 2121 quae
1472 2069 1513 2108 in
1540 2068 1598 2108 in-

260 2148 498 2199 tegumentis
526 2147 719 2187 seminum
745 2147 961 2187 immaturis
990 2146 1288 2198 conspiciuntur
1320 2147 1469 2197 primus
1507 2158 1598 2184 exa-

262 2224 425 2265 minavit
452 2225 498 2264 R.
518 2224 775 2264 Brownius
805 2229 845 2264 et
871 2225 967 2264 vidit
995 2223 1208 2263 radiculam
1236 2222 1460 2274 embryonis
1488 2222 1598 2261 hisce

262 2313 420 2353 semper
447 2302 686 2353 oppositam,
728 2303 869 2353 dogma
894 2305 938 2340 ut
964 2301 1019 2340 ita
1046 2301 1172 2340 dicam
1201 2299 1416 2347 cardinale,
1463 2299 1503 2337 in
1531 2311 1598 2337 co-

262 2378 439 2430 gnitione
476 2379 668 2427 seminum
703 2379 756 2428 (s.
790 2379 945 2418 Verm.
980 2378 1111 2417 Schr.
1147 2376 1186 2417 4.
1223 2376 1321 2426 84.).
1378 2376 1478 2414 Tum
1513 2374 1596 2414 Ad.

262 2454 596 2507 Brogniartus
625 2455 779 2507 egregie
798 2455 954 2507 scripsit
981 2454 1124 2505 (Ann.
1153 2455 1189 2493 d.
1215 2453 1393 2493 scienc.
1424 2456 1514 2491 nat.
1529 2450 1594 2491 12.

262 2530 397 2582 2250,
435 2531 500 2572 cui
526 2532 815 2584 adjungendum
841 2532 1088 2584 praeclarum
1121 2543 1214 2571 sane
1243 2542 1343 2581 opus
1370 2528 1595 2568 Mirbelii

262 2609 602 2660 (Recherches
630 2622 713 2651 sur
739 2609 788 2649 la
813 2612 1065 2650 structure
1093 2608 1149 2647 de
1176 2604 1366 2648 l'ovule
1387 2600 1594 2657 vegetaL
