1682 2938
930 153 1011 194 266

305 261 417 301 culus
445 260 762 314 quadridentatus
797 261 1025 314 (Polygala)
1059 263 1262 315 calyculus
1298 266 1450 306 lacerus
1489 267 1633 319 (Myri-

305 337 434 388 stica),
464 343 503 378 et
531 351 629 391 quae
658 343 749 378 sunt
780 339 866 378 alia.

410 414 561 466 Pulpa
589 415 783 455 interdum
810 416 1075 456 loculamenta
1103 416 1230 469 replet
1259 432 1280 458 e
1311 420 1461 459 cellulis
1484 421 1632 471 magnis

303 492 413 531 succi
439 491 568 543 plenis
595 493 831 543 composita,
861 507 882 533 e
908 494 1091 533 funiculis
1118 495 1405 536 umbilicalibus
1435 497 1565 536 effusis
1594 502 1632 536 et

302 568 471 607 dilatatis
500 569 612 620 quasi
641 575 766 609 enata.
822 571 866 609 In
895 559 1211 611 Citri‘fructibus
1240 573 1386 624 optime
1413 574 1597 614 cernitur.

408 645 629 696 Compages
671 646 824 686 interna
859 648 1086 699 pericarpii,
1130 649 1186 687 uti
1226 650 1412 689 foliorum
1450 664 1471 690 e
1509 651 1632 689 tribus

301 725 452 761 constat
490 721 622 761 stratis
663 736 784 774 super
828 723 1031 775 impositis.
1103 726 1299 765 Extimum
1344 732 1516 766 cortex
1563 732 1632 775 est,

299 799 406 851 quod
433 799 702 838 Richardus
737 799 980 851 (Aualyse
1015 801 1050 839 d.
1090 803 1211 841 fruit
1245 804 1367 854 pabl.
1395 818 1433 854 p.
1462 804 1629 843 Duval.

298 876 384 913 Par.
415 874 533 914 1808.
561 875 658 914 ubs.
689 889 724 914 v.
759 877 921 928 Voigt.
953 877 1083 928 Leipz.
1114 877 1255 927 1811.)
1294 880 1532 931 epicarpium
1561 894 1631 919 vo-

299 956 379 999 cat,
417 956 498 990 tum
522 952 699 1003 sequitur
726 953 916 1004 diplo'e,
959 966 1030 992 seu
1059 956 1342 1006 mesocarpium
1371 957 1629 1006 RichardO,

298 1029 453 1067 tandem
481 1033 708 1079 putamen
736 1041 807 1068 seu
834 1031 1112 1081 endocarpium
1140 1031 1380 1074 Richardi.
1437 1035 1630 1073 Crederes

298 1104 331 1142 si
359 1105 594 1144 Richardi
622 1106 810 1145 terminos
838 1107 948 1158 legis,
975 1108 1022 1146 de
1051 1108 1178 1146 medio
1208 1113 1245 1147 et
1273 1109 1320 1147 de
1350 1109 1534 1149 interiore
1562 1124 1630 1161 pe-

294 1181 465 1232 ricarpio
494 1194 704 1220 sermonen
733 1196 821 1222 esse
849 1189 915 1222 aut
939 1184 986 1223 de
1003 1188 1114 1236 parte
1132 1185 1351 1236 pericarpio
1369 1187 1628 1225 incumbente.

294 1259 399 1296 Dum
424 1258 630 1297 immatura
657 1266 749 1298 sunt
776 1261 1013 1313 pericarpia‚
1048 1266 1245 1300 structura
1272 1262 1455 1302 foliorum
1483 1264 1523 1302 in
1551 1263 1630 1302 val-

293 1334 354 1374 vis
382 1335 496 1374 facile
526 1335 778 1386 cognoscitur
814 1337 1044 1387 praesertim
1079 1338 1319 1387 tenuiorum,
1361 1340 1420 1378 uti
1448 1340 1628 1391 capsulae

293 1412 597 1463 Cardiospermi,
627 1412 896 1462 Vehheimiae,
926 1414 1092 1463 Sennae,
1121 1415 1224 1454 Ulmi
1237 1421 1310 1456 etc.
1358 1417 1504 1456 Eadem
1534 1430 1628 1469 quo-

294 1502 369 1541 que
399 1494 458 1528 est
485 1488 701 1528 differentia
734 1490 1019 1531 distributionis
1049 1505 1281 1542 nervorum,
1328 1507 1427 1546 quae
1455 1494 1494 1532 in
1524 1493 1628 1532 foliis

293 1566 534 1605 observatur.
608 1566 651 1605 Si
691 1580 788 1606 vero
826 1567 957 1618 diploe'
995 1568 1108 1607 nimis
1151 1574 1269 1609 aucta
1309 1576 1386 1618 est,
1431 1571 1629 1609 structura

293 1641 408 1680 valde
435 1642 590 1681 diversa
618 1643 786 1692 videtur,
815 1645 924 1683 adest
958 1650 1087 1684 tamen
1115 1659 1272 1697 semper
1297 1651 1459 1686 stratum
1487 1660 1628 1686 nervo-

292 1731 395 1767 rum,
436 1719 549 1768 cujus
584 1718 725 1769 singuli
753 1721 930 1759 fasciculi
957 1734 1075 1772 saepe
1105 1723 1268 1761 eandem
1299 1730 1519 1763 monstrant
1547 1725 1627 1763 for-

291 1809 405 1844 mam,
432 1809 548 1847 quam
576 1795 687 1834 nervi
704 1797 1040 1847 crassi-foliorum,
1069 1811 1150 1837 uno
1179 1799 1329 1838 scilicet
1358 1806 1519 1839 curvato
1548 1813 1627 1838 me-

292 1873 374 1921 dio,
416 1873 570 1911 duobus
598 1872 814 1911 minoribus
840 1873 1081 1923 lateralibus,
1125 1882 1215 1915 ante
1243 1876 1370 1927 ipsum
1398 1877 1553 1927 positis,
1584 1883 1626 1915 ut

291 1950 330 1988 in
366 1949 485 1988 Malis
520 1949 667 1999 optime
703 1963 865 1989 cernere
901 1951 1006 1990 licet.
1069 1952 1268 1991 Interdum
1302 1958 1466 1992 stratum
1503 1954 1625 1992 hocce

290 2039 503 2065 nervorum
531 2026 571 2064 in
601 2026 727 2065 media
754 2027 886 2077 diploe
915 2028 1128 2077 invenitur,
1157 2030 1352 2069 interdum
1379 2044 1476 2069 vero
1504 2030 1624 2080 magis

291 2104 339 2142 ad
374 2103 622 2154 superficiem
658 2108 877 2153 externam,
919 2106 1072 2157 saepius
1113 2106 1161 2144 ad
1197 2106 1390 2146 internam
1431 2112 1625 2146 remotum

291 2187 361 2220 est.
417 2181 509 2219 Vidi
545 2194 703 2232 quoque
742 2182 972 2232 praesertim
1018 2182 1056 2221 in
1091 2183 1350 2233 leguminibus
1389 2184 1549 2223 cellulas
1584 2184 1624 2222 in

287 2257 464 2296 seriebus
502 2258 734 2297 transversis
768 2258 917 2308 positas
952 2265 996 2298 ut
1032 2259 1071 2297 in
1107 2261 1212 2300 foliis
1254 2261 1480 2312 saepissime
1518 2261 1625 2300 inve-
1680 2286 1681 2289 =

290 2334 461 2373 niuntur.
518 2357 568 2362 —
626 2336 815 2373 Putamen
852 2340 909 2374 est
944 2336 1087 2375 lamina
1115 2338 1226 2376 firma
1255 2351 1276 2376 e
1305 2338 1458 2377 cellulis
1491 2338 1623 2389 parvis

293 2426 410 2463 saepe
426 2411 581 2450 seriatis
597 2412 826 2462 composita.
856 2413 967 2451 Duae
983 2414 1207 2464 hujusmodi
1220 2414 1384 2453 laminae
1410 2415 1625 2465 parenchy-

290 2495 392 2528 mate
428 2488 625 2538 interepto
654 2488 817 2538 junctae
860 2490 962 2529 intra
996 2504 1134 2530 cavum
1170 2489 1379 2540 pericarpii
1414 2494 1622 2540 protensae

289 2564 563 2615 dissepimenta
596 2567 777 2604 formant.
1542 2563 1544 2565 ’

397 2641 539 2680 Variae
577 2654 671 2679 vero
708 2647 798 2680 sunt
826 2643 1058 2682 mutationes
1093 2656 1122 2681 s
1154 2644 1484 2694 mctamorphoses
1521 2643 1620 2693 peri-
