1592 2924
551 1017 1164 1070 Phanerophyta.

191 1135 301 1183 131.
367 1132 518 1183 Flos
557 1140 634 1184 est
670 1153 869 1202 gemma
899 1137 1283 1202 metamorphosi
1326 1141 1527 1198 mutata,

383 1240 505 1288 pars
536 1222 736 1288 plantae
771 1228 1104 1287 terminativa‚
1131 1223 1420 1274 staminibus
1455 1228 1528 1288 pi-

387 1310 617 1374 stifflsve,
650 1312 999 1378 dignoscenda.

297 1426 401 1468 Ante
425 1428 696 1469 Linnaeum
723 1430 916 1471 corollam
943 1434 1091 1470 tantum
1116 1430 1255 1470 florem
1270 1429 1529 1482 appellabant,

186 1505 436 1545 Linnaeus
465 1519 564 1546 vero
591 1511 726 1558 partes
754 1507 864 1547 floris
893 1520 981 1548 esse
1007 1507 1192 1559 calycem‚
1221 1507 1422 1556 corollam,
1452 1511 1531 1546 sta-

187 1582 294 1622 mina
321 1587 361 1623 et
388 1582 537 1635 pistilla
563 1584 716 1635 primus
744 1585 844 1625 dixit
870 1585 1009 1636 (Phil.
1038 1585 1131 1626 bot.
1147 1583 1233 1633 87.)
1259 1589 1343 1624 tum
1371 1597 1529 1636 quoque

190 1660 403 1700 essentiam
436 1660 548 1701 floris
585 1661 626 1701 in
661 1663 825 1702 anthera
853 1666 894 1702 et
918 1662 1096 1714 stigmate
1130 1661 1240 1712 (ibid.
1265 1660 1354 1712 88.)
1381 1661 1530 1713 primus

186 1737 392 1790 quaesivit.

298 1816 415 1855 Hunc
443 1815 594 1867 primus
622 1820 683 1856 est
710 1820 871 1856 secutus
898 1816 1178 1868 Ludwigius
1207 1820 1247 1856 et
1274 1817 1414 1856 florem
1440 1829 1530 1867 par-

189 1895 270 1932 tem
297 1892 455 1944 plantae
483 1893 659 1942 vocavit,
684 1907 786 1946 quae
814 1894 980 1933 stamina
1007 1897 1045 1932 et
1072 1892 1218 1944 pistilla
1246 1893 1286 1932 in
1316 1893 1530 1943 involueris

189 1969 519 2010 convenientibus
549 1970 750 2011 contineat
777 1971 967 2022 CInstit.
1005 1982 1133 2021 regn.
1169 1974 1325 2021 veget.
1353 1969 1528 2024 §.135.).

187 2046 307 2087 Nunc
335 2060 475 2087 omnes
502 2048 686 2088 Botanici
713 2049 786 2088 hac
813 2048 854 2087 in
883 2061 927 2088 re
952 2047 1215 2088 consentiunt.

297 2124 458 2164 Florem
487 2137 573 2166 esse
586 2130 739 2178 partem
753 2125 1045 2174 terminativam‚
1073 2124 1282 2164 Neesius
1310 2125 1365 2164 ab
1386 2125 1532 2165 Eseu-

187 2201 310 2241 beck
337 2201 489 2254 primus
521 2203 721 2255 expressis
754 2203 886 2243 verbis
922 2202 1020 2242 dixit
1053 2202 1264 2252 (Handb.
1293 2203 1330 2242 d.
1359 2203 1528 2243 Botan.

186 2278 233 2318 T.
248 2277 286 2318 2.
314 2292 353 2329 p.
372 2276 444 2329 1.).

297 2354 343 2395 Si
371 2355 542 2396 stamina
565 2360 605 2395 et
632 2356 782 2408 pistilla
802 2357 919 2397 simul
933 2357 1084 2406 desunt,
1113 2357 1284 2397 essentia
1310 2356 1419 2396 floris
1447 2357 1532 2409 qui-

188 2432 280 2472 dem
307 2431 460 2482 deficit,
488 2433 559 2472 sed
588 2433 639 2472 ob
667 2434 916 2486 perigonium
943 2435 1149 2487 perigonio
1176 2436 1319 2474 florum
1345 2433 1531 2473 fertilium

187 2508 439 2560 simillimum,
467 2492 551 2550 tum
569 2510 662 2562 quia
689 2524 822 2552 ramos
850 2512 1067 2563 terminant,
1097 2511 1289 2564 ejusmodi
1305 2515 1436 2564 partes
1461 2511 1532 2551 flo-

188 2599 254 2627 res
282 2591 429 2628 vocant
457 2591 497 2627 et
523 2588 682 2641 quidem
710 2592 885 2630 neutros.
