1682 2938
899 128 954 170 52

258 237 368 276 aliae.
421 235 627 287 Ejusmodi
669 237 892 278 exanthium
927 250 1068 280 revera
1108 252 1131 278 a
1166 239 1301 292 calyce
1336 252 1418 280 non
1452 241 1591 292 differt,

256 313 328 353 sed
362 313 557 352 interdum
593 312 832 365 distinguere
868 315 1074 365 conducit,
1118 320 1197 355 tam
1232 317 1283 355 ob
1318 317 1592 369 descriptionis

256 389 593 442 perspicuitatem,
644 402 760 442 quam
800 391 851 449 ob
901 391 1168 443 symmetriam
1223 394 1394 445 partium
1438 394 1592 446 dignos-

259 468 434 509 cendam.

259 577 366 626 133.
432 577 476 624 Ρ
489 592 515 622 e
529 574 560 622 d
570 592 604 623 u
614 593 647 622 n
658 592 728 623 cu
738 574 756 622 l
765 592 799 623 u
808 593 832 623 s
869 581 945 624 est
975 593 1144 624 ramus
1179 575 1333 625 caulis
1363 580 1591 626 termina-

449 653 596 713 tivus,
627 650 777 700 flores
807 652 1078 716 proferens.

359 750 612 790 Pedunculus
640 764 664 790 a
691 751 809 790 ramis
844 753 966 792 caulis
994 756 1193 793 structura
1220 764 1302 791 non
1330 753 1479 803 differt,
1519 753 1590 792 sed

253 840 302 867 eo
328 827 580 879 praesertim,
622 827 730 880 quod
756 832 849 879 post
874 830 1015 870 florem
1043 835 1081 869 et
1107 830 1180 869 sub
1209 830 1349 869 eodem
1377 834 1590 878 excrescat,

253 917 343 943 cum
370 917 502 943 ramus
531 917 553 943 e
582 916 735 955 gemma
762 905 997 956 explicetur,
1039 919 1116 946 nec
1150 906 1223 945 sub
1261 906 1337 946 ista
1372 910 1588 946 enascatur.

253 982 354 1020 Tum
390 993 549 1033 quoque
583 981 831 1032 pedunculus
867 995 956 1022 cum
990 984 1090 1023 flore
1128 984 1310 1023 fructuve
1344 984 1486 1035 partim
1524 986 1592 1022 aut

253 1061 358 1096 totus
392 1057 602 1096 marcescit
634 1069 709 1095 nec
742 1070 834 1097 raro
870 1071 960 1097 cum
986 1058 1084 1110 ipsis
1112 1059 1268 1099 decidit.
1323 1060 1497 1099 Pertinet
1522 1060 1592 1111 igi-

252 1138 317 1173 tur
344 1132 611 1184 pedunculus,
645 1137 783 1184 utpote
807 1147 900 1185 pars
926 1135 1173 1175 terminativa
1199 1137 1249 1175 ad
1274 1137 1430 1186 florem,
1458 1149 1591 1189 quam-

251 1210 311 1249 vis
341 1210 392 1249 ob
419 1213 660 1249 structuram
688 1223 778 1249 cum
806 1211 923 1250 ramis
952 1211 1077 1251 caulis
1105 1212 1324 1253 conveniat.

360 1285 397 1325 A
424 1286 576 1338 petiolo
604 1286 697 1326 satis
725 1299 923 1339 superque
951 1287 1099 1338 differt,
1128 1293 1168 1329 et
1196 1289 1312 1329 facile
1344 1288 1593 1341 distinguitur

253 1376 319 1412 eo,
352 1363 460 1415 quod
487 1376 538 1402 ex
565 1363 685 1402 axilla
711 1376 886 1415 gemmas
914 1377 996 1404 non
1024 1366 1183 1406 emittat.
1239 1366 1485 1406 Linnaeus
1512 1366 1592 1418 pri-

251 1452 338 1479 mus
367 1452 391 1478 a
417 1438 569 1490 petiolo
598 1439 775 1480 distinxit
801 1438 898 1491 (Ph.
926 1441 1022 1481 bot.
1039 1440 1168 1491 2010).

360 1515 458 1555 Flos
486 1516 684 1556 sessilis
711 1520 898 1567 vocatur,
933 1519 1046 1569 cujus
1083 1518 1331 1570 pedunculus
1366 1519 1497 1559 deficit
1524 1525 1592 1560 aut

247 1591 502 1632 brevissimus
531 1596 601 1634 est.
658 1593 813 1633 Revera
836 1594 1101 1645 pedunculus,
1126 1595 1185 1635 uti
1212 1595 1353 1646 caulis,
1380 1608 1592 1650 numquam

248 1670 365 1722 plane
392 1670 536 1720 deficit,
563 1669 636 1709 sed
663 1670 910 1711 abbreviatus
940 1675 1000 1711 est
1031 1676 1070 1711 et
1098 1685 1187 1711 cum
1215 1673 1467 1725 receptaculo
1497 1687 1591 1714 con·

250 1747 386 1786 fluens.

359 1822 611 1862 Pedunculus
648 1823 855 1875 simplex
891 1828 951 1863 est
988 1828 1055 1864 aut
1081 1837 1323 1875 ramosus,
1359 1827 1477 1866 ramis
1504 1827 1590 1880 ple-

250 1913 416 1952 rumque
443 1904 487 1939 ut
514 1900 612 1952 ipse,
640 1913 690 1939 ex
718 1900 848 1940 axillis
876 1901 1121 1940 bractearum
1135 1903 1478 1953 provenientibus;
1504 1905 1588 1954 hos,

250 1978 285 2017 si
313 1990 414 2029 opus
446 1981 515 2026 est,
543 1981 781 2017 ramastra
808 1977 926 2027 dicas,
951 1981 1034 2017 uta
1056 1979 1173 2020 ramis
1202 1979 1324 2020 caulis
1351 1980 1589 2032 distinguan-

251 2057 328 2094 tur.
394 2053 585 2093 Ultimum
612 2053 824 2104 ramulum‚
852 2055 992 2094 florem
1019 2058 1259 2106 portantem,
1285 2056 1588 2107 pedicellum

251 2130 398 2169 dicunt.

359 2206 613 2247 Pedunculus
647 2207 898 2247 uniflorus
933 2211 994 2247 est
1036 2210 1104 2246 aut
1137 2207 1469 2256 multiflorus;
1521 2223 1591 2261 pe-

253 2283 412 2322 dunculi
440 2283 644 2324 multiflori
671 2297 764 2336 pars
792 2284 896 2324 inter
916 2285 1037 2324 flores
1052 2285 1193 2336 posita,
1221 2284 1386 2325 rachis
1413 2289 1588 2325 vocatur.

358 2360 578 2400 Pedunculi
605 2362 772 2401 formam
799 2373 998 2401 ramorum
1015 2361 1056 2401 in
1072 2375 1218 2414 genere
1240 2361 1469 2408 ostendunt;
1497 2366 1588 2402 sunt

250 2418 412 2486 teretes,
441 2434 613 2488 angulati
641 2442 715 2477 etc.
779 2438 861 2477 Sub
887 2439 986 2479 flore
1013 2451 1132 2491 saepe
1165 2438 1280 2478 aliam
1317 2439 1483 2478 formam
1522 2439 1588 2478 ha-

250 2513 361 2563 bent,
388 2513 657 2554 incrassantur
683 2515 929 2566 saepissime;
970 2516 1165 2556 interdum
1198 2514 1340 2556 sulcati
1366 2514 1465 2554 fiunt
1491 2514 1587 2566 (Ra-

248 2591 443 2632 nunculus
471 2591 653 2643 repens),
698 2591 844 2633 dilatati
880 2596 920 2634 et
953 2593 1168 2645 compressi
1201 2590 1484 2644 (Eucalyptus)
1510 2594 1584 2631 etc.
