1682 2938
877 131 959 174 176

254 238 445 290 ejusmodi
479 239 676 279 filamenta
711 241 963 281 considerare
998 242 1055 281 uti
1091 243 1365 284 connecticula
1391 244 1587 287 filamento

253 316 438 356 carentia.
492 315 573 356 Sed
607 330 698 357 cum
731 318 929 358 filamenta
962 332 1044 358 non
1079 332 1171 359 raro
1207 320 1247 360 iu
1273 321 1436 361 floribus
1463 322 1588 374 plenis

255 392 478 444 petaloidea
504 392 628 443 fiant,'·
639 394 717 434 huc
744 394 871 435 retuli.

360 469 596 521 Plerumque
624 470 824 510 filamenta
851 471 1100 523 superficiem
1114 473 1267 514 laevem
1290 475 1445 524 habent,
1473 475 1592 515 inter-

254 546 347 585 dum
374 546 569 595 scabram,
597 546 916 597 verruculosam,
944 549 1199 598 nodulosam‚
1235 552 1461 602 strophiolis
1489 551 1591 591 obsi-

251 626 332 662 tam
358 622 692 674 (Sparrmannia).
749 625 843 664 Pilis
876 625 1103 676 saepissime
1132 627 1259 666 obsita
1286 632 1396 677 sunt,
1433 633 1502 667 aut
1529 641 1592 668 ca-

252 699 335 739 nali
361 700 514 751 integro
539 699 752 750 instructis,
780 706 846 740 aut
861 702 984 753 septis
1004 702 1186 742 distincto
1215 698 1410 743 interdum
1436 706 1593 745 creber-

253 776 382 824 rimis,
417 781 462 816 ut
489 776 531 815 in
559 778 856 827 Tradescantia,
891 778 995 818 inter
1030 792 1129 831 quae
1164 783 1312 820 motum
1347 782 1591 832 gyratorium

251 854 403 905 primus
428 853 652 893 observavit
675 854 722 894 R.
750 855 1031 905 Brownius,
1059 856 1194 908 utique
1223 857 1489 908 conspicuum.
1540 859 1591 898 Et

253 930 457 982 glandulas
501 930 647 970 habent
681 931 900 983 impositas,
954 932 1123 972 maxime
1165 933 1398 985 conspicuas
1431 935 1472 973 in
1498 934 1592 974 Dic-

252 1011 398 1046 tamno.

363 1083 463 1121 Cum
491 1082 691 1122 filamenta
715 1087 806 1134 post
832 1083 1035 1123 antheram
1070 1090 1319 1136 excrescant,
1358 1086 1590 1139 plerumque

254 1163 344 1200 ante
370 1158 659 1199 florescentiam
686 1172 807 1211 parva
834 1164 926 1200 sunt
954 1164 993 1200 et
1009 1164 1130 1200 recta.
1176 1162 1385 1211 Interdum,
1414 1163 1448 1202 si
1474 1163 1593 1215 longa

255 1237 446 1284 evadunt,
483 1238 667 1275 contorta
703 1237 1020 1288 conspiciuntur,
1056 1242 1101 1277 ut
1135 1237 1177 1277 in
1204 1238 1493 1279 Callistemone.
1548 1241 1595 1279 ln

255 1314 355 1352 flore
386 1324 558 1363 expanso
588 1316 658 1351 aut
686 1318 842 1353 exserta
869 1318 961 1354 sunt
990 1327 1011 1353 e
1040 1314 1201 1364 corolla,
1230 1315 1417 1366 calyceve
1444 1320 1511 1355 aut
1537 1316 1595 1355 in-

256 1390 377 1430 clusa.
432 1390 528 1428 Post
561 1389 850 1430 florescentiam
892 1395 960 1430 aut
997 1395 1137 1443 vegeta
1173 1405 1259 1432 cum
1306 1392 1458 1431 corolla
1492 1393 1596 1432 deci-

256 1467 373 1515 dunt,
408 1469 476 1504 aut
505 1471 767 1517 corrugantur
795 1472 835 1507 et
862 1467 1085 1518 tabescunt,
1121 1472 1187 1507 aut
1214 1469 1400 1521 sphacelo
1428 1474 1596 1521 pereunt

255 1543 281 1583 i.
308 1556 340 1583 e.
371 1543 484 1582 fusca
510 1542 609 1583 fiunt
637 1548 675 1583 et
702 1548 1013 1596 corrumpuntur
1040 1549 1085 1584 ut
1112 1545 1153 1584 in
1179 1544 1420 1597 Nymphaea.

762 1705 809 1743 Β.
864 1702 1093 1744 Anthera.

365 1829 585 1869 Anthera
611 1830 844 1884 plerumque
875 1844 896 1871 e
928 1832 1081 1871 duobus
1105 1832 1270 1872 sacculis
1298 1843 1370 1871 seu
1397 1831 1596 1882 folliculis,

258 1919 359 1959 quos
387 1906 587 1946 loculos
615 1908 868 1959 appellamus,
901 1912 1066 1958 constat,
1088 1908 1205 1958 juxta
1226 1908 1377 1960 positis,
1404 1909 1596 1960 pollinem

258 1983 551 2023 continentibus
581 1987 619 2022 et
646 1984 922 2025 emittentibus,
978 1984 1122 2024 Adnati
1149 1989 1241 2025 sunt
1262 1985 1494 2024 columellae
1522 1999 1596 2037 per

256 2060 435 2111 ipsorum
472 2061 701 2110 juncturam
745 2062 983 2111 transeunti,
1028 2075 1143 2114 quam
1188 2062 1597 2102 connecticulum

258 2148 330 2183 seu
357 2137 710 2177 connectivum
736 2143 893 2178 vocant.
950 2138 1074 2178 Linea
1110 2138 1262 2178 elevata
1290 2138 1394 2177 intra
1420 2138 1597 2178 loculum

259 2213 484 2262 decurrens,
514 2227 615 2265 quae
642 2214 793 2265 raphe
821 2215 975 2264 dicitur,
1004 2214 1282 2254 connecticulo
1310 2216 1525 2267 respondit.

365 2289 512 2328 Forma
548 2290 774 2331 loculorum
818 2295 858 2331 et
891 2291 951 2331 sic
992 2292 1115 2332 totius
1156 2292 1340 2332 antherae
1381 2292 1491 2332 varia
1524 2295 1595 2332 est.

259 2365 495 2418 Plerumque
520 2367 731 2418 ¹cylindrici
758 2372 867 2417 sunt,
903 2381 1004 2421 quae
1031 2370 1160 2408 forma
1193 2382 1266 2420 per
1291 2368 1424 2408 verios
1451 2369 1596 2420 gradus
1655 2422 1664 2426 ,

260 2443 311 2483 ad
337 2442 544 2494 globosum
566 2445 716 2484 transit.
772 2445 975 2485 Interdum
1002 2458 1084 2485 non
1106 2446 1222 2497 juxta
1247 2445 1368 2497 positi
1395 2450 1498 2496 sunt,
1526 2445 1596 2485 sed

260 2519 476 2571 divergunt,
502 2521 626 2571 magis
654 2522 861 2575 minusque
889 2523 1070 2574 separati.

369 2595 509 2637 Loculi
536 2596 612 2650 ipsi
637 2597 870 2652 plerumque
898 2599 1041 2640 iterum
1077 2598 1316 2640 biloculares
1344 2597 1595 2650 reperiuntur
