1682 2938
948 155 1001 196 78

306 275 407 316 quae
434 274 525 301 cum
550 260 707 302 valvula
735 263 923 303 inferiore
951 273 990 303 et
1012 264 1207 304 exteriore
1223 265 1482 315 perianthium
1496 268 1637 307 sistunt

306 339 532 391 triphyllum
565 338 740 387 (Verm.
769 340 972 381 Schrift.
1003 340 1037 382 1.
1068 340 1192 390 109.)
1249 342 1347 381 Mihi
1375 344 1530 395 quidem
1558 346 1637 384 val-

303 417 396 457 vula
416 415 582 455 inferior
608 416 767 455 bractea
793 417 964 466 videtur,
997 418 1178 469 superior
1213 432 1310 458 vero
1340 432 1360 458 e
1389 421 1541 459 duobus
1570 434 1636 471 pe-

303 493 444 534 ranthii
470 492 614 544 phyllis
641 497 826 542 connata,
868 494 988 534 tertio
1023 495 1247 544 deficiente,
1290 498 1397 548 quod
1431 497 1471 535 in
1499 497 1635 548 petalis

301 583 372 610 seu
422 569 656 622 parapetalis
709 584 867 623 quoque
924 572 1070 611 factum
1129 573 1294 612 videtur.
1375 574 1635 624 Raspalius

300 647 443 699 (Anu.
474 647 510 686 d.
538 658 599 686 sc.
626 651 719 687 nat.
747 647 784 688 4.
813 647 928 697 271.)
965 661 1128 688 nervum
1164 650 1334 688 medium
1372 650 1565 689 deflexum
1595 651 1636 689 in

299 724 434 764 rachin
459 722 658 764 transiisse
685 729 805 776 putat.
860 725 912 764 At
939 726 1064 764 rachis
1099 726 1274 777 spiculae
1310 729 1447 779 (quam
1474 729 1636 767 Peter-

300 813 504 842 mannus
533 800 740 853 stylidium
767 813 849 840 non
876 802 976 841 bene
1002 807 1129 850 vocat,
1159 802 1304 842 oblitus
1333 804 1488 854 generis
1508 805 1633 857 Styli-
1676 826 1678 829 ·

300 879 374 928 dii)
404 882 642 918 structuram
669 877 784 916 habet
812 877 1004 917 internam
1037 879 1201 918 racheos
1229 879 1361 930 spicae
1390 884 1429 919 et
1457 881 1633 920 fasciculi

298 968 484 995 vasorum
499 966 638 993 versus
665 953 854 1004 spinulam
882 955 1011 1005 positi,
1040 955 1213 995 minores
1240 964 1331 995 sunt
1359 957 1632 1006 exterioribus,

232 1058 237 1060 -
297 1039 341 1070 ut
368 1031 486 1082 igitur
512 1043 657 1069 nervus
684 1030 795 1070 nullo
823 1032 942 1070 modo
972 1031 1012 1070 in
1039 1033 1174 1072 rachin
1199 1034 1406 1073 transierit.
1462 1033 1634 1074 Adducit

296 1106 563 1158 Raspalius
592 1106 790 1145 aristam
824 1107 894 1145 sed
930 1107 1026 1147 haec
1062 1109 1103 1147 in
1136 1110 1293 1150 valvula
1326 1111 1513 1150 inferiore
1549 1112 1632 1162 ple-

295 1196 462 1236 rumque
489 1182 620 1234 posita
647 1187 717 1232 est,
746 1187 786 1222 et
801 1196 940 1223 revera
968 1189 1027 1224 est
1054 1198 1199 1225 nervus
1227 1186 1379 1226 medius
1406 1187 1629 1228 luxuriante

295 1261 423 1301 forma
450 1260 492 1298 in
516 1272 654 1299 verum
681 1259 917 1311 pedicellum
943 1261 1147 1301 transiens.

401 1336 688 1377 Achnanthium
729 1337 779 1375 ad
819 1337 1006 1377 anthodia
1048 1339 1238 1390 pertinet,
1294 1340 1344 1378 ob
1385 1339 1573 1391 spiculam
1608 1355 1630 1380 a

292 1414 423 1466 gluma
450 1413 573 1465 magis
601 1413 778 1453 minusve
805 1413 1009 1454 inclusam.

399 1490 654 1530 Amentum
691 1495 751 1530 est
777 1491 887 1542 spica
913 1492 1022 1531 rachi
1049 1491 1174 1540 tenui,
1207 1492 1375 1531 bracteis
1410 1505 1491 1532 non
1525 1494 1630 1545 vagi-

290 1567 434 1617 naceis,
461 1581 484 1607 a
510 1568 673 1620 reliquis
701 1568 819 1619 spicis
848 1581 896 1608 eo
925 1569 1125 1617 differens,
1168 1569 1276 1620 quod
1301 1573 1392 1619 post
1417 1570 1630 1610 florescen-

289 1645 382 1684 tiam
416 1649 501 1684 tota
536 1645 708 1693 decidat,
750 1657 827 1683 nec
865 1645 984 1684 flores
1027 1645 1202 1696 singulos
1239 1645 1415 1685 dimittat.
1477 1647 1627 1686 Rachin

288 1721 538 1761 Linnaeus
561 1721 724 1771 jamjam
752 1722 1044 1773 receptaculum
1072 1722 1255 1762 filiforme
1280 1722 1456 1770 vocavit3
1486 1724 1627 1776 reliqui

289 1797 487 1837 Auctores
515 1809 653 1837 verum
669 1798 814 1837 amenti
832 1799 1098 1837 characterem
1124 1799 1395 1850 neglexerunt.
1454 1801 1526 1840 Est
1553 1815 1621 1840 an-

290 1875 476 1924 thodium,
504 1875 596 1928 quia
624 1875 778 1924 decidit,
807 1879 852 1914 ut
870 1875 944 1914 flos
973 1874 1093 1914 solus.
1148 1876 1339 1914 Bracteae
1368 1876 1524 1925 amenti,
1555 1883 1622 1917 aut

287 1953 486 2004 simplices
514 1956 606 1991 sunt
633 1956 677 1991 ut
704 1952 744 1991 in
772 1951 919 2001 Salice,
954 1956 1021 1991 aut
1049 1952 1292 2003 compositae
1327 1957 1370 1991 ut
1397 1954 1436 1992 in
1465 1961 1622 1994 amento

285 2030 462 2069 masculo
495 2029 681 2076 Betulae;
735 2029 930 2081 pedicello
967 2029 1085 2078 enim,
1123 2029 1190 2081 qui
1226 2042 1384 2081 quoque
1422 2043 1502 2068 non
1531 2045 1622 2071 raro
1677 2071 1679 2075 ,

285 2107 451 2146 stamina
476 2107 654 2156 sustinet,
682 2107 907 2160 squamulae
936 2107 1126 2146 foliaceae
1153 2110 1245 2146 sunt
1272 2105 1498 2157 impositae,
1527 2121 1623 2160 qua-

284 2197 372 2222 rum
402 2197 553 2223 summa
580 2184 728 2235 peltata
755 2188 827 2224 est.
856 2209 907 2215 —
945 2183 1177 2234 Ambiguam
1213 2187 1320 2222 certe
1347 2187 1528 2223 naturam
1556 2187 1622 2225 ha-

284 2260 378 2300 bent
405 2273 589 2313 squamae
617 2261 657 2300 in
685 2261 849 2301 amentis
864 2261 1062 2310 Pinorum,
1090 2272 1186 2312 quas
1215 2260 1354 2300 cristas
1370 2261 1620 2302 antherarum

284 2341 402 2376 vocat
437 2338 742 2389 Lambertus,
788 2339 1065 2378 Brownium
1098 2340 1143 2376 ut
1178 2341 1275 2388 puto
1311 2342 1482 2377 secutus.
1540 2339 1619 2378 Sed

284 2412 404 2453 crista
437 2414 582 2454 haecce
617 2416 867 2456 antherarum
908 2414 1142 2467 praesertim
1183 2414 1374 2464 majorum
1415 2415 1470 2464 (e.
1505 2428 1541 2467 g.
1578 2416 1619 2455 in

284 2490 384 2530 Pino
400 2491 554 2541 Taeda)
583 2492 780 2532 simillima
795 2496 855 2532 est
876 2492 1101 2545 squamulae
1116 2491 1285 2543 peltatae
1302 2504 1476 2531 summae
1503 2505 1618 2544 squa-

282 2580 435 2607 marum
462 2569 616 2616 amenti,
645 2569 684 2607 in
700 2569 853 2618 Betula,
882 2569 1035 2622 Corylo
1065 2573 1137 2608 etc.
1166 2581 1255 2608 nam
1282 2580 1363 2607 non
1389 2568 1515 2607 solum
1530 2581 1617 2608 ver-

284 2656 350 2683 sus
378 2645 538 2684 dorsum
565 2645 780 2696 prominet,
814 2646 883 2685 sed
911 2658 1068 2697 quoque
1096 2658 1232 2686 versus
1261 2645 1498 2685 anteriorem
1526 2658 1615 2695 par-
