1682 2938
899 126 981 169 112

268 240 382 279 Tunc
402 237 521 290 igitur
547 237 796 290 perigenium
823 237 1104 293 monocyclum
1133 243 1194 279 cst
1222 243 1261 279 et
1289 239 1479 292 digyrum.
1532 240 1609 281 Ra-

266 316 348 355 rius
377 314 530 356 corolla
565 314 701 367 plures
734 327 855 367 gyros
890 315 1027 365 habet,
1070 315 1120 356 ad
1149 315 1319 355 eundem
1350 330 1441 356 cum
1470 316 1609 371 calyce

266 393 424 445 cyclum
450 391 692 444 pertinentes
730 396 798 432 aut
825 393 963 444 plures
998 392 1218 433 verticillos
1247 393 1355 445 quod
1382 395 1424 433 in
1452 395 1608 435 Cacteis
1670 403 1674 412 ‘⁴

265 471 400 520 variis,
440 468 850 510 Mesembrianthemis
885 470 1049 523 aliisque
1087 471 1352 510 observamus.
1415 471 1495 511 Sed
1528 483 1610 512 non
1664 480 1671 527 γ’

266 549 409 588 desunt
438 547 620 599 exempla
647 547 911 598 oppositionis
939 547 1150 587 staminum
1188 550 1226 587 et
1254 547 1429 587 corollae
1456 547 1611 599 phyllo-
1664 525 1677 589 ἶ

263 638 371 674 rum,
401 638 435 664 e.
464 637 500 676 g.
529 624 571 663 in
596 623 850 676 Ampelideis,
878 609 1486 676 Menispermeis,—Primulaceis,
1513 625 1611 663 Ber·
1662 648 1673 661 ÷

263 701 434 741 herideis
462 701 638 754 aliisque.
693 702 740 740 In
767 701 876 741 hisce
904 701 1050 752 plantis
1079 702 1180 741 duos
1201 701 1397 752 perigenii
1413 705 1452 741 et
1466 701 1610 740 andro·

263 779 325 819 cei
350 791 471 831 gyros
499 778 541 819 in
567 791 691 818 unum
706 791 795 818 esse
812 778 1111 818 concrescentia
1127 779 1359 832 phyllorum
1381 782 1608 819 contractos

264 855 519 905 crediderim,
561 869 653 895 nam
690 855 733 894 in
759 855 976 895 Berberide
1014 868 1080 895 res
1114 855 1321 894 manifesta
1355 859 1435 903 est;
1493 854 1609 907 calyx
1668 842 1676 877 ’ἶ

263 933 370 973 0111111
385 936 444 973 est
460 932 733 984 monocyclus,
749 932 923 983 digyrus,
953 931 1106 972 corolla
1121 935 1160 972 et
1186 933 1428 972 androceum
1456 932 1610 979 itidem3
1675 927 1677 930 ’

262 1010 396 1062 petala
423 1002 629 1049 exteriora‘
656 1021 755 1049 vero
794 1021 885 1047 cum
919 1008 1066 1060 calycis
1100 1009 1250 1062 phyllis
1285 1006 1540 1049 interioribus
1569 1013 1610 1049 et

262 1087 431 1127 stamina
466 1086 542 1126 tria
580 1085 782 1125 exteriora
819 1097 910 1124 cum
943 1085 1087 1136 petalis
1121 1085 1375 1126 interioribus
1402 1086 1540 1138 utique
1569 1090 1610 1126 et

261 1164 323 1204 uti
337 1164 463 1212 decet,
491 1162 699 1212 alternant,
728 1161 837 1215 quod
862 1173 959 1201 vero
980 1161 1031 1200 ob
1052 1152 1183 1213 petala
1197 1162 1283 1202 basi
1298 1163 1459 1202 dilatata
1479 1162 1608 1203 minus

261 1242 365 1281 bene
393 1241 434 1280 in
462 1243 720 1292 conspectum
747 1238 891 1290 prodit.
920 1282 922 1284 v
945 1238 1028 1277 Fac
1057 1239 1249 1278 corollam
1268 1239 1493 1278 Berberidis
1522 1251 1611 1278 esse

212 1363 216 1366 ,
265 1317 560 1370 monopetalam
587 1321 628 1357 et
655 1316 823 1356 stamina
851 1314 1028 1355 corollae
1057 1317 1210 1366 adnata,
1237 1319 1332 1356 tunc
1359 1328 1498 1356 verum
1523 1328 1611 1367 par-

265 1396 365 1436 tium
391 1395 511 1434 situm
542 1406 625 1434 non
660 1404 888 1445 cognosces.
944 1392 1027 1431 Fac
1061 1396 1194 1444 partes
1229 1393 1418 1446 quasdam
1445 1392 1611 1432 elisione

265 1473 456 1521 deficere,
499 1475 594 1511 111110
621 1483 704 1511 11011
727 1469 856 1509 minus
885 1468 1044 1509 difficile
1074 1469 1166 1519 erit,
1194 1482 1332 1510 verum
1360 1469 1532 1521 partium
1559 1469 1612 1509 si-

264 1554 350 1590 tum
378 1548 589 1590 extricare.
1568 1548 1571 1550 ’

374 1658 562 1699 CoroHae
588 1657 741 1710 phylla,
782 1670 883 1709 quae
916 1669 991 1696 nos
1028 1656 1101 1708 (ait
1132 1655 1285 1707 Rajus
1320 1655 1369 1694 in
1395 1654 1517 1695 Hist.
1545 1655 1605 1706 pl.
1670 1692 1676 1699 ,

264 1734 302 1777 1.
331 1734 418 1786 16.)
458 1736 508 1775 ob
535 1733 834 1788 homonymiam
860 1734 1074 1782 vitandam,
1104 1746 1194 1772 cum
1221 1731 1415 1772 Columna
1440 1731 1611 1783 petala

263 1825 473 1862 vocamus,
520 1813 568 1852 ab
597 1811 798 1861 omnibus,
838 1810 906 1863 qui
935 1811 1061 1850 secuti
1088 1814 1199 1860 sunt,
1239 1808 1440 1849 Botauicis
1468 1808 1611 1848 eodem

264 1890 425 1931 nomine
455 1889 716 1941 appellantur.

375 1988 562 2029 Corollae
601 1987 738 2040 phylla
773 1991 841 2027 aut
876 1986 1046 2027 discreta
1072 1989 1163 2025 sunt
1198 1989 1266 2024 aut
1295 1984 1427 2024 omnia
1455 1983 1613 2025 coalita.

264 2067 462 2107 Habemus
499 2066 633 2119 itaque
669 2065 861 2105 corollam
895 2062 1314 2115 di-polypetalam
1349 2065 1417 2101 aut
1450 2074 1613 2101 mono-

263 2145 501 2199 petalam,
528 2156 620 2182 nam
646 2141 905 2194 unipetala
931 2140 1092 2180 unicum
1120 2143 1270 2179 tantum
1292 2140 1466 2190 petalum
1493 2139 1612 2178 habet

264 2222 315 2262 ad
359 2221 461 2261 latus
509 2220 701 2272 positum,
755 2222 800 2258 ut
841 2218 882 2257 in
923 2216 1231 2270 VochysiaceiS,
1287 2214 1492 2267 Amorpha
1535 2219 1610 2255 etc.

265 2298 453 2340 occurrit.
510 2300 639 2350 Quam
675 2295 726 2335 ob
765 2307 850 2335 rem
878 2294 1171 2334 Candollius
1201 2293 1394 2333 corollam
1422 2305 1612 2344 monope-
1671 2294 1675 2325 j

265 2376 384 2417 talam
412 2375 455 2415 in
482 2373 770 2426 gamopetalam
797 2372 973 2422 mutavit,
1003 2384 1081 2424 qua
1103 2370 1346 2424 etymologia
1364 2370 1515 2419 ductus,
1544 2382 1612 2409 ne-

267 2454 364 2494 scio.
422 2451 523 2492 Sunt
549 2464 708 2505 quoque
738 2450 924 2499 corollae,
953 2461 1120 2501 quarum
1134 2447 1270 2500 phylla
1295 2446 1439 2498 partim
1468 2445 1612 2487 coalita

266 2534 378 2580 sunt,
421 2529 565 2581 partim
591 2528 717 2568 libera
745 2539 841 2580 quas
869 2525 1202 2578 hemipetalas
1231 2523 1417 2575 dixerim,
1459 2524 1517 2563 uti
1544 2535 1611 2563 co-

267 2590 370 2647 rolla
396 2605 628 2658 Polygalae,
667 2607 780 2657 quus
809 2604 939 2657 petala
967 2604 1046 2644 duo
1075 2604 1257 2654 separata
1284 2604 1385 2652 sunt,
1414 2600 1490 2641 tria
1517 2612 1611 2641 con-
