1682 2938
894 150 978 192 300

268 259 431 300 learum.
487 260 532 299 In
559 260 619 300 his
647 259 803 313 quidem
819 260 973 300 Linaria
993 272 1132 312 agmen
1159 261 1268 301 ducit
1293 261 1335 301 in
1363 274 1440 315 qua
1458 262 1601 303 Bern-

267 337 468 375 hardius
497 341 655 388 praeter
679 349 871 389 gemmam
899 338 1000 377 intra
1013 337 1271 388 cotyledones
1299 339 1349 377 ad
1375 339 1484 378 basin
1513 353 1602 379 cau-

269 413 391 452 diculi
402 426 521 453 unam
534 414 718 465 pluresve
734 426 904 465 gemmas
920 414 1142 454 observavit
1169 414 1369 463 (Linnae
1380 429 1402 455 a
1424 416 1460 456 7.
1476 415 1602 466 572).

267 489 313 529 ln
340 490 427 529 aliis
456 503 477 530 e
504 490 662 542 petiolis
699 491 1042 542 cotyledonaribus
1070 492 1208 543 vagina
1235 491 1362 531 oritur
1389 506 1411 532 e
1444 506 1521 545 qua
1546 493 1603 533 la·
1644 535 1646 537 ,

268 567 445 606 teraliter
476 580 630 618 gemma
665 568 799 619 prodit
833 568 939 620 quod
975 568 1016 606 in
1043 568 1261 619 Delphiniis
1298 569 1528 620 quibusdam
1563 573 1602 610 et
1647 617 1648 620 Ἴ

269 644 532 683 Umbelliferis
557 644 764 695 permultis
792 645 878 684 fieri
905 644 1007 684 solet
1032 645 1334 694 (Bernhardi
1359 646 1384 687 l.
1415 660 1448 686 c.
1476 645 1600 696 573.)

379 720 624 760 Germinatio
635 720 843 771 Corydalis
858 720 1305 770 aBischofio(Zeits
1317 723 1369 762 ch
1380 736 1409 762 r.
1427 723 1599 774 f.Phys.

266 809 305 836 v.
333 796 637 836 Tiedemann
682 797 730 836 G.
767 797 815 837 H.
854 802 893 836 et
927 798 970 836 L.
1010 798 1054 837 G.
1084 799 1383 839 Treviranus
1415 798 1454 838 4.
1487 798 1602 849 146.)

267 877 452 913 accurate
481 873 690 913 observata
716 873 831 913 valde
858 873 905 912 ad
928 875 1244 925 monocotyleam
1258 875 1420 915 accedit.
1457 875 1602 914 Semen

266 954 477 1002 postquam
504 950 663 998 decidit,
707 950 862 990 demum
890 951 1116 990 maturescit
1143 955 1182 990 et
1210 952 1372 1003 embryo
1398 952 1600 991 accrescit.

266 1027 372 1065 Dum
400 1026 602 1078 germinat,
632 1027 856 1066 extremitas
882 1026 1113 1066 radicularis
1137 1027 1345 1079 elongatur
1371 1032 1515 1068 terram
1543 1029 1601 1068 in-

267 1107 363 1152 trat,
407 1103 602 1143 radiculas
637 1103 730 1154 agit,
788 1103 1080 1154 cotyledonaris
1106 1116 1202 1143 vero
1231 1116 1312 1142 non
1338 1104 1466 1144 minus
1495 1105 1601 1145 elon-

266 1187 357 1230 gata
392 1179 460 1219 diu
496 1180 599 1219 intra
626 1180 808 1219 albumen
834 1180 992 1220 seminis
1019 1180 1130 1228 latet,
1174 1180 1301 1219 donec
1328 1181 1404 1220 hoc
1434 1194 1600 1221 excusso

266 1256 405 1297 folium
434 1257 774 1309 cotyledonarium
800 1258 959 1298 unicum
987 1257 1217 1309 explicatur.
1278 1256 1342 1296 Ad
1375 1258 1486 1298 basin
1513 1271 1602 1298 cau-

267 1334 388 1373 diculi
417 1347 489 1373 seu
516 1335 655 1386 petioli
683 1335 799 1375 tuber
826 1336 1018 1374 formatur
1052 1347 1123 1374 seu
1150 1334 1284 1385 potius
1319 1347 1492 1384 cormus,
1535 1336 1602 1387 qui

264 1411 480 1463 plantulam
514 1417 722 1463 propagat,
765 1411 1001 1463 cotyledone
1038 1415 1307 1450 evanescente.
1369 1411 1515 1451 Similis
1543 1415 1602 1451 est

264 1489 500 1539 germinatio
527 1489 686 1528 seminis
700 1488 828 1537 Bunii,
857 1489 963 1540 quod
992 1489 1103 1539 cujus
1130 1487 1358 1527 caudiculus
1387 1488 1428 1527 in
1456 1487 1604 1539 cotyle-

265 1566 380 1605 donis
423 1566 507 1606 basi
540 1566 656 1605 tuber
696 1566 836 1605 emittit
874 1564 1047 1616 plantam
1086 1569 1392 1616 propagaturum
1430 1563 1602 1616 (Bern-

264 1643 405 1684 hardi
431 1643 458 1682 l.
490 1656 522 1682 c.
551 1647 577 1682 t.
609 1641 672 1682 14.
704 1643 729 1682 f.
747 1642 785 1682 5.
815 1642 885 1692 6.).

374 1718 566 1758 Leontice
599 1720 675 1760 dua
711 1719 828 1758 habet
864 1718 961 1758 folia
988 1718 1189 1758 seminalia
1223 1717 1382 1769 petiolis
1411 1717 1600 1767 connatis,

264 1797 413 1849 absque
441 1795 637 1847 gemmula
665 1797 778 1846 cujus
805 1795 899 1835 loco
929 1794 1011 1833 basi
1039 1794 1180 1833 bulbus
1209 1794 1354 1844 oritur,
1397 1795 1464 1846 qui
1490 1795 1600 1846 plan-

262 1877 342 1913 tam
369 1878 563 1925 propagat
592 1873 793 1922 (Bernh.
821 1871 846 1911 l.
878 1885 910 1911 c.
941 1872 966 1910 f.
983 1870 1054 1919 7.).

371 1950 655 1991 Dodecatheon
696 1948 797 1987 duos
843 1947 1030 2001 propellit
1073 1946 1245 1998 petiolos
1297 1947 1600 1998 cotyledonares

263 2032 457 2067 connatos
485 2026 581 2066 folia
610 2024 813 2065 seminalia
847 2026 1016 2064 ferentes
1044 2023 1196 2062 inferne
1224 2023 1404 2074 vaginam
1431 2025 1602 2063 formau-

262 2109 323 2143 tes
352 2117 374 2143 e
412 2117 489 2156 qua
524 2104 664 2143 folium
694 2103 775 2143 exit
800 2105 937 2153 utpote
965 2100 1183 2152 gemmulae
1218 2100 1370 2139 initium
1404 2101 1601 2150 (Bernh,

261 2180 287 2219 1.
317 2194 350 2219 c.
378 2182 403 2220 f.
423 2180 494 2229 9.).
550 2181 706 2220 Auctor
739 2180 817 2219 huc
853 2190 1011 2231 quoque
1038 2177 1162 2216 refert
1189 2176 1427 2226 Cyclaminis
1461 2176 1603 2228 germi-

262 2258 474 2305 nationem,
503 2258 578 2297 nisi
606 2257 712 2310 quod
741 2256 837 2296 folia
865 2256 951 2307 ipsa
980 2255 1056 2294 hoc
1087 2253 1269 2294 deficiant
1286 2258 1326 2293 et
1353 2252 1490 2304 petioli
1518 2258 1601 2293 tan-

261 2339 346 2376 tum
373 2335 501 2374 adsint
527 2335 694 2374 connati.

371 2413 417 2453 In
446 2413 576 2462 Trapa
603 2415 762 2451 natante
798 2411 961 2461 embryo
995 2421 1069 2461 pro
1104 2408 1272 2448 maxima
1307 2410 1419 2457 parte
1448 2409 1601 2446 constat

263 2504 286 2530 c
313 2502 441 2530 massa
467 2488 721 2538 albuminosa,
751 2500 852 2541 quae
869 2499 1040 2538 superne
1057 2486 1098 2527 iu
1117 2483 1363 2524 caudiculum
1378 2482 1459 2522 exit
1485 2495 1601 2534 squa-

261 2566 369 2606 mula
395 2570 584 2605 notatum.
641 2566 741 2604 Cum
775 2577 905 2604 massa
940 2564 1084 2601 haecce
1124 2560 1367 2600 albuminosa
1403 2573 1491 2599 cum
1520 2571 1600 2598 em-

262 2642 412 2696 bryone
442 2646 548 2683 arcte
576 2645 742 2683 connata
769 2643 829 2692 sit,
859 2640 967 2695 quod
989 2639 1029 2679 in
1044 2651 1140 2679 vero
1169 2637 1363 2678 albumine
1390 2647 1599 2690 numquam
