1682 2938
895 136 978 178 234

264 244 415 284 mineos
443 243 484 283 in
513 244 677 284 diversis
705 244 902 297 stirpibus,
929 247 1195 299 polygama
1222 249 1342 289 flores
1370 250 1597 302 hemaphro-

262 321 366 360 ditos
402 321 586 361 masculis
631 326 670 361 et
713 323 890 363 femineis
926 323 1135 364 immixtos.
1202 325 1312 365 Flori
1347 327 1598 379 hermaphro-

261 397 344 437 dito
374 397 414 437 in
440 411 584 449 genere
613 399 818 450 oppositus
848 405 908 439 est
936 401 1010 440 flos
1040 401 1218 441 diclinus.

367 518 437 557 Est
471 518 681 559 discrimen
716 520 818 559 inter
845 520 1042 560 dicliniam
1077 535 1209 562 veram
1244 527 1284 562 et
1312 525 1495 575 spuriam.
1553 526 1612 565 In*

258 593 416 633 diclinia
442 607 537 634 vera
563 596 682 635 flores
709 597 873 636 masculi
900 597 979 637 alio
1007 598 1125 638 modo
1155 601 1369 639 constructi
1398 605 1437 639 et
1466 601 1597 652 dispo-

258 671 324 710 siti
351 676 460 720 sunt,
488 685 535 711 ac
562 673 681 712 flores
709 673 886 722 feminei,
915 681 982 713 aut
1010 687 1059 714 ex
1087 675 1173 715 aliis
1199 672 1361 727 gemmis
1389 678 1594 727 prodeunt,

257 752 325 787 aut
351 748 484 788 locum
514 754 663 788 certum
699 754 738 789 et
766 750 968 790 definitum
997 751 1150 791 habent.
1208 752 1275 792 Sic
1302 753 1342 792 in
1371 753 1505 793 Urtica
1533 767 1595 793 ca-

258 824 327 876 lyx
355 825 464 864 floris
492 825 655 864 masculi
683 827 941 878 tetraphyllus
976 832 1052 876 est,
1097 829 1254 868 feminei
1284 830 1498 880 diphyllus,
1536 830 1594 869 sic

257 901 295 940 in
327 903 487 953 Quercu
515 903 634 941 fiores
673 903 837 942 masculi
865 908 1062 942 amentum
1089 904 1277 954 formant,
1321 906 1478 945 feminei
1512 919 1592 945 non

258 978 320 1027 ita,
349 978 407 1017 sic
435 978 475 1016 in
491 978 633 1018 Betula
649 980 769 1019 flores
793 980 957 1018 masculi
986 993 1007 1018 e
1035 980 1197 1031 gemmis
1225 982 1421 1032 prodeunt
1449 982 1593 1022 florife-

256 1055 310 1094 ris
340 1059 509 1103 tantum,
538 1055 696 1094 feminei
725 1069 747 1095 e
776 1056 938 1107 gemmis
966 1056 1271 1106 flori-foliiferis,
1307 1058 1364 1097 sic
1392 1059 1431 1098 in
1464 1059 1593 1098 Salice

255 1132 330 1170 flos
367 1131 567 1170 masculus
602 1131 826 1183 glandulam
869 1133 985 1173 habet
1024 1133 1116 1172 loco
1153 1134 1355 1184 germinis,
1403 1135 1593 1174 femineus

255 1221 353 1248 vero
396 1208 624 1259 glandulum
668 1210 784 1260 juxta
824 1223 985 1261 germen
1019 1214 1093 1249 etc.
1169 1210 1379 1250 Dicliniam
1422 1212 1592 1262 spuriam

254 1298 377 1334 voco,
417 1285 452 1324 si
478 1286 598 1325 flores
627 1299 707 1326 non
736 1287 811 1326 nisi
839 1287 996 1327 defectu
1025 1287 1233 1327 staminum
1267 1292 1334 1327 aut
1360 1288 1593 1339 pistillorum

253 1362 449 1401 differunt.
504 1362 571 1402 Sic
598 1363 639 1403 in
666 1363 826 1411 Palmis,
862 1363 1114 1403 Graminibus
1143 1364 1321 1416 plurimis
1350 1365 1456 1417 (exc.
1484 1366 1593 1416 Zea),

199 1472 201 1474 .
252 1438 541 1490 Chenopodeis,
570 1440 889 1480 Amaranthaceis
916 1440 1122 1491 permnltis
1150 1440 1299 1480 nullum
1328 1442 1434 1481 aliud
1460 1442 1594 1482 discri-

251 1528 342 1555 men
371 1515 473 1555 inter
500 1516 619 1556 flores
648 1516 844 1557 masculos
873 1522 912 1556 et
941 1517 1133 1557 femineos
1162 1517 1345 1567 interest,
1385 1519 1459 1558 nisi
1487 1519 1592 1571 quod

251 1597 319 1632 aut
346 1593 510 1632 stamina
538 1597 605 1632 aut
630 1593 777 1644 pistilla
804 1593 1004 1633 deficiant.

360 1714 502 1754 Flores
542 1715 672 1753 neutri
706 1714 935 1753 staminibus
972 1720 1011 1753 et
1048 1713 1206 1765 pistillis
1243 1714 1358 1753 simul
1401 1718 1592 1762 carentes,

253 1797 320 1831 aut
347 1792 588 1831 incremento
616 1790 827 1842 perigonii‚
857 1790 1112 1842 partibusque
1142 1790 1367 1830 sexualibus
1394 1791 1590 1842 absorptis

252 1869 381 1908 neutri
409 1871 634 1915 evaserunt,
662 1871 730 1906 aut
757 1866 932 1918 generali
960 1866 1217 1906 mutilatione.
1272 1867 1335 1906 Illi
1364 1868 1403 1906 in
1433 1868 1590 1907 calathi-

251 1946 346 1994 diis,
384 1944 763 1996 inflorescentiisque
793 1944 1007 1984 exteriores
1035 1947 1143 1993 sunt,
1177 1944 1216 1982 hi
1244 1957 1339 1983 vero
1370 1944 1409 1982 in
1438 1944 1590 1996 spicula

251 2022 481 2062 Graminum
510 2021 730 2061 interiores.

358 2143 387 2182 S
399 2156 420 2182 e
431 2156 457 2181 x
466 2131 493 2181 u
502 2156 521 2181 5
549 2142 768 2193 plantarum
797 2141 978 2193 Antiquis
1000 2143 1083 2192 Jam
1112 2146 1230 2181 notus
1260 2148 1362 2190 erat,
1392 2142 1431 2180 in
1456 2141 1590 2180 Palma

248 2219 445 2260 Phoenice
483 2219 666 2258 facillime
702 2217 942 2269 conspicuus
977 2218 1059 2268 (Pl
1070 2218 1125 2257 in.
1162 2218 1248 2258 His
1259 2222 1283 2257 t.
1321 2231 1346 2257 n
1357 2231 1380 2257 a
1389 2223 1415 2257 t.
1453 2219 1495 2257 L.
1526 2216 1588 2258 13.

251 2310 285 2336 c.
314 2295 383 2344 4.).
440 2296 548 2335 Inter
582 2295 823 2335 recentiores
851 2295 998 2346 primus
1028 2294 1100 2334 fuit
1132 2295 1162 2334 Z
1173 2295 1249 2334 alu
1259 2308 1280 2334 z
1292 2295 1365 2334 ian
1374 2307 1392 2333 s
1402 2295 1426 2333 k
1435 2308 1461 2345 y
1497 2294 1588 2344 (cfr.

249 2372 578 2426 Denkschrift
606 2373 642 2412 d.
671 2373 909 2424 Regensb.
939 2372 1036 2410 bot.
1067 2356 1339 2412 Gesellschss
1366 2373 1409 2411 T.
1428 2370 1463 2411 1.
1493 2386 1531 2423 p.
1550 2372 1586 2412 8.

250 2463 300 2490 re
311 2450 337 2489 f.
367 2450 493 2489 Gom.
532 2449 556 2487 d
567 2462 587 2488 e
622 2450 650 2488 S
661 2455 705 2489 te
716 2449 804 2488 rub
816 2463 837 2487 e
848 2449 940 2500 rg),
983 2449 1050 2500 qui
1084 2461 1222 2488 sexum
1257 2449 1477 2499 plantarum
1512 2454 1588 2488 sta-

252 2527 345 2576 tuit,
373 2531 454 2566 tum
482 2525 836 2577 Millingtonus
867 2526 1062 2566 referente
1093 2526 1301 2566 Grewio.
1358 2525 1404 2564 R.
1435 2525 1477 2564 G.
1508 2525 1587 2563 Ga·
1662 2555 1665 2556 γ

249 2617 287 2644 m
295 2616 316 2643 e
328 2617 347 2643 ι·
355 2617 377 2643 a
387 2603 462 2643 riu
471 2616 490 2642 5
520 2608 560 2641 et
590 2602 626 2640 V
634 2602 756 2641 ailla
765 2615 789 2641 n
800 2608 846 2642 tu
856 2615 874 2642 s
904 2603 1134 2654 praesertim
1164 2603 1325 2642 eandem
1355 2600 1584 2642 sententiam
