1682 2938
902 128 985 170 324

275 237 382 275 Haec
405 237 568 286 juniore
585 240 710 277 aetate
728 238 930 289 pyxidium
961 241 1093 291 cingit,
1123 244 1205 280 tum
1235 241 1492 280 circumcirca
1520 254 1624 282 rum-

273 313 381 364 pitur
409 318 477 352 aut
508 314 725 366 aequaliter
759 316 813 364 (c.
844 316 1143 366 mitraeformis)
1179 321 1246 356 aut
1275 317 1433 369 oblique
1468 318 1525 367 (c.
1557 333 1623 359 cu-

275 389 468 438 cullaris).
523 390 556 429 E
592 391 877 442 paraphysibus
920 397 1004 432 tota
1046 397 1187 446 quanta
1230 398 1412 449 constare
1454 395 1621 436 videtur.

275 467 465 518 Operculi
493 480 593 519 apex
611 467 737 518 stylus
760 472 852 508 erat.
887 470 1091 509 Orificium
1108 469 1260 520 pyxidii
1277 472 1487 511 secedente
1507 484 1622 523 oper-

272 543 365 583 culo
393 544 540 583 annulo
570 544 744 593 elastico,
773 546 964 596 gyromati
982 546 1149 585 Filicum
1174 547 1290 585 simili
1317 548 1512 588 interdum
1541 550 1621 589 cin·

270 620 387 671 gitur.
455 620 663 671 Pyxidium
700 621 848 672 duplex
884 628 966 672 est,
1019 628 1184 662 externo
1225 624 1272 662 ab
1308 625 1466 664 interno
1501 637 1619 677 saepe

271 702 332 737 sat
364 702 539 745 remoto,
581 698 794 737 interstitio
829 711 969 738 vacuo.
1027 699 1228 739 Interdum
1265 705 1474 740 externum
1502 701 1618 741 aliam
1660 722 1666 754 ÷

1659 755 1664 770 ν
1658 414 1667 649 ,ψγ,ῳ.--ρᾼω.-ι,ᾶ-υ-
1660 375 1665 399 γ
1664 311 1665 314 Α
1660 274 1666 297 v„
1663 240 1665 245 ⁴
1660 203 1674 224 7¹¹
1661 179 1674 188 ζ
1660 158 1665 168 2
1660 110 1675 147 ς
1672 77 1675 93 η

268 775 437 814 formam
463 774 580 813 habet
608 788 655 813 ac
683 775 892 823 internum,
919 780 965 814 ut
992 776 1032 815 in
1061 776 1316 816 Buxbaumia.
1375 778 1435 816 Ex
1462 779 1615 819 orificio

267 851 421 903 pyxidii
450 850 604 889 externi
630 850 710 889 exit
732 850 1229 902 peristomium‘externum
1258 858 1441 894 constans
1471 867 1492 894 e
1522 856 1616 895 den-

266 927 372 979 tibus
401 927 538 977 acutis,
568 940 685 979 saepe
714 928 893 979 pluribus
923 929 1074 969 conatis
1105 929 1259 968 annulis
1286 930 1614 971 transversalibus

266 1009 464 1044 structura
491 1008 738 1055 gyromatum
766 1004 945 1045 Filicum.
1000 1007 1063 1046 Ex
1100 1006 1253 1045 orificio
1289 1007 1442 1058 pyxidii
1470 1008 1613 1048 interni

267 1082 349 1120 exit
376 1080 649 1132 peristomium
677 1081 873 1120 internum
891 1083 1242 1133 membranaceum,
1270 1097 1292 1123 e
1307 1085 1612 1136 parenchymate

263 1158 356 1198 laxo
385 1159 425 1197 in
451 1170 664 1209 processus
681 1158 815 1197 abiens
843 1158 1060 1199 filiformes.
1114 1160 1390 1200 Peristomium
1411 1160 1610 1201 internum

263 1234 434 1286 saepius,
463 1238 669 1273 externum
697 1235 823 1274 rarius
852 1236 994 1275 deficit.
1038 1237 1262 1277 Columella
1290 1242 1358 1277 aut
1383 1250 1456 1289 per
1483 1242 1609 1278 totum

260 1311 466 1363 pyxidium
494 1315 562 1350 aut
588 1324 662 1362 per
690 1311 892 1351 dimidium
921 1314 1079 1363 transit,
1108 1318 1175 1354 aut
1203 1327 1342 1366 parum
1369 1319 1520 1353 tantum
1550 1315 1608 1354 in-

260 1393 346 1427 trat.
384 1388 515 1439 Spora
541 1401 763 1437 numerosa,
791 1391 943 1440 majora
956 1390 1175 1430 minoribus
1203 1391 1335 1440 mixta,
1360 1392 1464 1431 unde
1480 1405 1609 1432 massa

258 1478 454 1516 grumosa.
513 1465 854 1505 Germinationem
881 1467 1117 1507 Muscorum
1145 1468 1246 1508 bene
1274 1469 1501 1508 observavit
1528 1470 1604 1508 Th.

257 1542 302 1580 F.
330 1542 374 1581 L.
403 1541 536 1580 Nees
580 1542 677 1591 (De
711 1543 993 1584 Muscorum
1026 1544 1392 1596 propagatione
1429 1542 1632 1607 Comma

1651 1447 1676 1618 <›..·;.=»*0-L>‹4f„
1653 1387 1666 1438 Λ-..ῡ
1661 1360 1663 1363 -
1657 1339 1659 1341 -
1663 1292 1665 1294 .
1662 1276 1665 1282 .
1663 1262 1665 1266 .

256 1618 340 1657 Erl.
370 1616 524 1669 1818).
597 1618 788 1658 Nascitur
821 1620 1076 1672 prothallium
1114 1634 1136 1660 e
1172 1621 1249 1661 filis
1284 1633 1404 1673 saepe
1437 1622 1603 1662 ramosis

255 1695 417 1746 septatis
446 1695 486 1734 in
516 1694 668 1734 caulem
690 1696 892 1746 juniorem
921 1697 1127 1737 manifeste
1155 1698 1458 1738 transeuntibus.

362 1805 405 1843 ln
448 1804 598 1844 Muscis
630 1805 912 1856 Hedwigius
954 1806 1007 1855 (1.
1037 1820 1070 1845 c.
1098 1820 1136 1857 p.
1166 1806 1263 1856 52.)
1303 1807 1485 1846 antheras
1528 1820 1601 1847 seu

249 1880 459 1932 pollinaria
493 1880 642 1932 primus
670 1882 768 1921 vidit
793 1881 971 1922 Numero
1000 1882 1201 1923 indefinito
1229 1883 1418 1935 gregatim
1454 1888 1520 1923 aut
1558 1885 1599 1924 in

249 1957 380 1997 axillis
409 1957 597 1996 foliorum
623 1957 876 2009 reperiuntur
910 1960 968 2010 (fl.
997 1959 1313 2011 gemmiformes)
1351 1964 1419 1999 aut
1446 1961 1488 1999 in
1515 1961 1599 2012 api-

249 2033 359 2071 cibus
390 2033 562 2073 caulium
591 2035 695 2074 foliis
725 2035 897 2075 dilatatis
933 2040 972 2076 et
998 2036 1236 2077 abbreviatis
1263 2035 1478 2086 (bracteis)
1515 2037 1597 2077 cin—

249 2115 335 2149 ctae
363 2110 422 2158 (ss.
452 2111 732 2160 (lisciformes).
790 2112 1038 2164 Corpuscula
1071 2113 1112 2152 in
1148 2114 1260 2164 apice
1289 2112 1412 2153 caulis
1442 2114 1594 2153 clavato

244 2190 312 2224 aut
348 2174 516 2236 globoso
550 2189 768 2240 gemmulae
804 2193 1032 2241 compactae
1067 2190 1109 2229 in
1145 2190 1376 2242 quibusdam
1411 2191 1595 2231 videntur

244 2266 313 2302 aut
340 2262 682 2313 bulbogemmulae
712 2266 779 2305 vix
807 2266 1004 2305 antherae.
1061 2266 1275 2306 Pollinaria
1304 2280 1328 2306 a
1355 2267 1518 2307 floribus
1535 2269 1593 2307 fe-

242 2338 384 2378 mineis
413 2346 595 2390 separata
622 2347 714 2382 sunt
741 2354 815 2382 nec
838 2355 900 2383 ne.
928 2342 1081 2394 Stipata
1109 2347 1201 2383 sunt
1224 2344 1507 2394 paraphysibus
1531 2344 1590 2383 uti

240 2416 361 2455 flores
389 2400 560 2456 feminei.

345 2515 453 2554 Mus
464 2528 487 2553 c
497 2528 521 2554 o
531 2529 632 2555 rum
669 2517 756 2569 hep
767 2518 899 2558 atico
911 2497 1013 2558 rum
1055 2519 1216 2571 pyxidia
1251 2517 1406 2570 generis
1442 2518 1588 2568 Hyme-

234 2590 416 2642 nophylli
450 2592 616 2643 pyxidio
658 2593 824 2645 analoga
833 2626 844 2644 ,
887 2596 945 2634 uti
985 2595 1266 2635 frondosorum
1300 2595 1583 2636 Trichomanis.

1655 2341 1659 2350 ⁴
1643 2296 1662 2322 v'ff
1644 2156 1665 2290 ‘'m-*wst-
1654 2075 1664 2150 2.·1..—.›1.2
1654 2043 1662 2059 w
1654 2027 1663 2034 „v
1655 1962 1666 2018 »zm«.
