1682 2938
915 122 996 164 158

292 235 493 276 trositates
522 234 711 273 reducere
739 232 968 281 voluerunt,
1002 246 1078 272 nec
1106 234 1191 273 sine
1219 234 1387 281 ratione,
1427 234 1460 272 si
1487 233 1623 273 antho-

291 314 395 365 lysin
423 313 473 351 ad
501 310 817 351 monstrositates
847 311 980 350 refers.
1038 310 1231 362 Analogia
1257 311 1509 361 antholyseos
1537 322 1623 348 sua-

291 391 358 430 det
383 389 579 429 Peloriam
607 387 772 427 similem
805 400 891 427 csse
918 387 1106 436 reditum,
1134 389 1191 428 uti
1219 388 1285 428 illa
1314 402 1337 427 a
1363 389 1461 427 flore
1488 387 1529 426 in
1557 399 1623 438 ge-

290 481 384 507 nere
401 467 451 506 ad
464 479 615 506 ramum
643 464 868 514 foliiferum‚
895 465 952 504 sic
975 466 1073 504 haec
1104 480 1126 506 a
1155 465 1305 506 corolla
1332 464 1475 504 labiata
1497 464 1546 503 ad
1562 477 1623 502 10-

288 546 474 597 gularem.
533 543 699 582 Obstant
727 542 896 582 calcaria
924 542 1105 595 quinque,
1135 557 1234 596 quae
1262 555 1473 594 numquam
1489 541 1530 579 in
1558 552 1623 578 co-

288 622 390 662 rolla
416 619 668 671 monopetala
694 618 864 669 regulari
893 620 1100 659 observata
1135 625 1246 669 sunt,
1288 621 1359 659 sed
1399 623 1550 658 tantum
1584 617 1625 655 in

287 697 516 751 polypetala
544 709 577 735 e.
607 709 642 748 g.
671 695 890 748 Aquilegia.
945 697 1133 736 Videmus
1163 694 1276 745 vero,
1317 697 1384 736 ubi
1420 698 1498 735 duo
1533 699 1624 734 sunt

289 775 468 824 calcaria,
498 787 545 813 ea
573 772 758 813 facillime
788 773 827 812 in
854 787 976 813 unum
1004 774 1155 823 mutari,
1184 777 1222 813 et
1248 774 1466 825 Dielytram
1494 773 1623 812 solum

1665 811 1671 827 ,-
1658 478 1673 774 ΩἊΝ-ῃευῳ-’ἡσιωωψεκήμ
1660 451 1661 454 Α

289 866 378 893 esse
413 852 454 891 in
486 850 751 890 Fumariaceis
787 863 909 902 genus
954 851 1107 890 duobus
1141 851 1361 902 praeditum
1397 849 1623 896 calcaribus,

290 930 443 982 reliqua
478 927 608 967 omnia
636 927 832 979 singulum
859 928 1002 967 habere
1033 932 1072 967 et
1099 928 1237 967 florem
1266 927 1542 967 excentricum.
1571 947 1622 955 —
1673 952 1676 955 r

290 1007 368 1059 Qui
402 1005 534 1044 varios
570 1004 757 1044 transitus
793 1004 973 1043 Peloriae
1009 1004 1050 1043 in
1088 1004 1279 1043 corollam
1307 1002 1528 1056 regularem
1556 1015 1624 1041 co-

290 1095 484 1135 gnoscere
526 1080 636 1120 lubet
677 1081 745 1120 vix
788 1080 918 1119 verbis
962 1080 1261 1131 describendos,
1317 1082 1429 1121 adeat
1469 1079 1624 1130 elegan-

292 1166 371 1201 tem
398 1157 742 1198 Dissertationem:
789 1156 1261 1196 Animadversiones
1299 1158 1533 1209 quaedam
1567 1156 1624 1194 ad

290 1236 602 1277 Peloriarum
664 1234 881 1273 indolem
937 1233 1270 1273 definiendam
1337 1236 1624 1285 spectantes
1676 1272 1678 1275 ,

289 1318 411 1354 auct.
451 1314 486 1353 J.
524 1313 602 1351 Th.
642 1311 748 1350 Chr.
784 1311 1082 1362 Ratzeburg,
1129 1310 1262 1350 Berol.
1299 1308 1417 1350 1825.
1454 1309 1512 1358 4.,
1558 1309 1626 1348 ubi

289 1391 390 1431 tabb.
418 1391 456 1430 2.
486 1390 622 1429 icones
649 1387 847 1428 variarum
875 1389 1093 1428 formarum
1121 1388 1300 1427 Peloriae
1328 1388 1507 1427 Linariae
1541 1387 1627 1427 vul-

289 1467 404 1519 garis,
433 1465 651 1506 Antirrhini
679 1465 840 1517 majoris
870 1471 909 1505 et
936 1465 1175 1505 Plectranthi
1204 1465 1384 1505 fruticosi
1414 1465 1598 1506 exhibuit.

396 1598 812 1638 Monstrositates
849 1602 940 1636 sunt
967 1610 1036 1637 eae
1073 1598 1197 1650 partis
1226 1598 1479 1647 mutationes,
1527 1610 1626 1651 quae
1673 1648 1675 1652 Α

288 1676 515 1728 impediunt,
538 1687 589 1714 ne
617 1686 794 1726 organon
821 1674 890 1713 fini
917 1674 980 1713 sui
1005 1674 1251 1726 aptissimum
1276 1679 1439 1715 maneat.
1489 1675 1628 1715 Omnis
1676 1675 1679 1683 ”

286 1753 563 1793 monstrositas
591 1757 659 1791 aut
686 1752 726 1791 in
753 1752 996 1791 incremento
1024 1751 1137 1791 nimis
1166 1752 1377 1801 diminuto,
1419 1756 1486 1791 aut
1514 1752 1628 1791 nimis
1676 1758 1682 1778 s

289 1835 417 1878 aucto,
445 1834 513 1869 aut
540 1829 582 1868 in
612 1842 747 1869 errore
774 1829 855 1868 loci
881 1829 1009 1880 posita
1042 1833 1111 1868 est.
1168 1828 1331 1868 Corolla
1358 1841 1439 1868 non
1465 1841 1557 1867 raro
1586 1828 1626 1866 in

290 1908 446 1947 climate
475 1907 616 1958 frigido
646 1906 793 1955 deficit,
822 1910 889 1945 aut
917 1905 1104 1945 diminuta
1135 1909 1211 1954 est,
1240 1905 1297 1944 uti
1325 1918 1444 1956 supra
1469 1905 1508 1943 in
1536 1917 1626 1943 ana·
1677 1885 1682 1929 Ῑ

290 1984 494 2036 morphosi
520 1985 725 2023 tractanda
754 1984 940 2033 diximus,
977 1984 1083 2036 quod
1112 1996 1269 2036 quoque
1298 1982 1398 2021 locis
1426 1982 1626 2021 sterilibus
1676 1974 1682 2027 J

287 2062 403 2101 siccis
432 2061 612 2101 accidere
643 2061 757 2101 solet.
814 2061 1018 2113 Frequens
1055 2065 1115 2100 est
1150 2063 1403 2111 augmentum
1440 2058 1626 2107 corollae,
1676 2055 1681 2094 ’ί

289 2151 405 2190 quam
441 2138 481 2176 in
516 2138 634 2177 variis
671 2138 814 2189 plantis
849 2137 964 2177 cultis
999 2138 1253 2176 observamus
1289 2149 1322 2175 e.
1362 2149 1397 2187 g.
1434 2135 1474 2174 in
1509 2135 1628 2174 Viola
1679 2127 1682 2162 ἕ

290 2215 482 2254 tricolore
512 2218 551 2254 et
569 2214 762 2264 affinibus,
776 2213 948 2253 Primula
962 2212 1164 2262 Auricula,
1193 2213 1309 2252 Rosis
1328 2213 1490 2264 aliisque
1518 2212 1628 2263 plan·
1676 2207 1681 2210 ”

291 2291 340 2331 tis
366 2291 627 2331 hortensibus.
684 2291 811 2343 Saepe
848 2303 936 2330 cum
972 2290 1224 2342 absorptione
1261 2290 1424 2329 aliarum
1458 2288 1628 2340 partium
1671 2280 1682 2308 ⁴³·

291 2369 547 2419 conjunctum
575 2373 636 2408 est
662 2369 720 2408 uti
747 2369 788 2407 in
814 2367 959 2420 Opulo.
1017 2366 1180 2406 Corolla
1207 2366 1438 2418 tetrapetala
1465 2370 1504 2405 et
1532 2378 1627 2418 qua-

292 2443 432 2483 drifida
458 2456 540 2482 non
567 2457 658 2484 raro
688 2445 729 2484 in
751 2444 1040 2496 pentapetalam
1068 2448 1108 2484 et
1133 2442 1423 2497 quinquefidam
1443 2447 1624 2482 mutatur.

291 2522 379 2560 Huc
395 2532 554 2573 quoque
569 2521 765 2572 pertinent
782 2521 993 2562 divisiones
1009 2521 1242 2573 petalorum,
1270 2524 1315 2560 ut
1336 2520 1376 2559 in
1391 2519 1557 2560 Clemati
1574 2519 1623 2558 de

291 2595 476 2637 Viticella
501 2609 577 2637 nec
602 2608 684 2637 non
701 2597 742 2637 in
757 2597 914 2650 Nigella
931 2597 1154 2638 observavit
1166 2597 1192 2637 J
1198 2609 1406 2648 aegerus
1421 2596 1468 2647 (l.
1478 2593 1626 2645 c.50.);
