1682 2938
870 116 953 158 296

253 231 388 268 tanum
422 227 498 266 etc.
561 223 675 266 Aliae
713 229 922 279 postquam
956 226 1229 276 increverunt,
1273 226 1428 266 demum
1463 226 1591 268 coale-

257 308 374 344 scunt
400 302 721 353 (Tropaeolum).

364 380 765 431 Anamorphoses
794 379 1020 431 embryonis
1040 379 1188 420 evoluti
1210 380 1351 435 variae,
1367 380 1470 420 inter
1496 393 1592 432 quas

257 457 404 498 eminet
441 456 600 496 seminis
634 456 821 496 Pinorum
854 457 992 497 forma.
1060 457 1159 496 Esse
1202 469 1363 507 germen
1395 456 1594 497 inversum

259 547 380 586 supra
418 533 598 574 vidimus.
667 533 850 573 Cinctum
886 538 945 573 est
992 533 1260 585 integumento
1304 533 1416 584 apice
1456 537 1593 585 aperto

259 612 445 664 utrinque
474 610 730 662 appendicem
756 610 980 649 filiformem
1007 609 1234 661 papillatam
1269 614 1447 660 gerente,
1489 609 1596 661 quod

258 687 534 728 Richardus
563 687 786 738 calyculum
814 699 900 726 esse
923 687 1008 726 vult
1021 686 1405 726 semeninvestiuens
1434 699 1456 724 e
1484 687 1596 737 cujus

261 767 447 816 apertura
473 763 610 815 stigma
638 763 821 803 obtusum
847 763 1140 803 verruculatum
1169 763 1335 802 emineat
1373 758 1534 811 (Mem.
1564 775 1595 802 s.

260 841 287 882 l.
317 841 577 881 Goniferes
602 853 639 891 p.
668 840 711 879 L.
743 839 1018 878 C.Richard
1046 839 1113 878 ed.
1143 839 1195 878 ab
1211 838 1597 887 Ach.Richardo,

262 917 463 969 Stutgard.
499 915 617 956 1837.
646 914 719 964 4.).
789 914 918 955 Aliter
956 928 1054 955 vero
1098 915 1216 955 sentit
1254 915 1300 954 R.
1329 915 1597 965 Brownius,

263 995 332 1048 qui
360 991 582 1044 calyculum
608 993 760 1032 huncce
788 992 1096 1043 integumentum
1124 991 1297 1031 exterius
1325 991 1482 1031 seminis
1501 1005 1599 1042 esse,

262 1071 369 1111 intra
397 1070 505 1122 quod
531 1069 843 1121 integumentum
871 1068 1033 1108 interius
1063 1082 1152 1108 cum
1179 1068 1322 1107 nucleo
1352 1068 1527 1118 emineat,
1555 1074 1600 1109 ut

263 1146 489 1188 fecundatio
517 1145 739 1185 immediata
753 1146 832 1196 fiat,
860 1158 1040 1198 squamas
1056 1158 1152 1184 vero
1170 1145 1325 1184 strobili
1337 1145 1601 1197 pericarpilun

264 1224 405 1264 sistere
430 1223 574 1263 asserit
601 1223 778 1272 (Verm.
806 1222 938 1262 Schr.
966 1222 1004 1262 4.
1030 1221 1153 1271 107.)
1210 1222 1277 1262 Sic
1305 1235 1462 1275 quoque
1489 1235 1603 1275 squa-

262 1314 348 1341 mas
377 1300 522 1340 amenti
549 1300 715 1339 masculi
742 1300 792 1339 ad
809 1300 946 1339 cristas
962 1299 1210 1338 antherarum
1225 1299 1357 1338 refert.
1400 1300 1460 1338 De
1489 1312 1603 1352 squa-

263 1378 339 1418 mis
381 1381 460 1417 tam
508 1377 655 1416 amenti
687 1376 851 1416 masculi
887 1389 1003 1429 quam
1037 1375 1196 1415 feminei
1225 1376 1308 1426 jam
1344 1375 1491 1414 dictum
1533 1380 1603 1416 est.

265 1454 467 1506 Stigmata,
494 1467 594 1507 quae
624 1452 986 1493 Schmiedelius
1013 1452 1172 1505 primus,
1201 1456 1284 1492 tum
1299 1452 1605 1492 Schkuhrius

265 1531 566 1584 descripserunt
594 1534 634 1571 et
659 1531 839 1570 iconibus
867 1530 1130 1579 illustrarunt,
1168 1529 1397 1570 Brownio
1433 1543 1507 1570 nos
1536 1531 1605 1570 do-

267 1613 399 1658 cente,
442 1621 582 1649 revera
616 1608 799 1659 stigmata
829 1620 917 1647 esse
950 1607 1134 1647 videntur
1172 1620 1260 1646 cum
1295 1606 1451 1658 papillis
1479 1607 1606 1646 obsita

267 1685 358 1726 sint.
414 1686 639 1724 Transeunt
671 1684 713 1723 in
740 1688 906 1724 stratum
943 1684 1130 1723 extimum
1157 1683 1411 1734 integumenti
1439 1684 1607 1724 exterio—

267 1762 322 1802 ris
349 1762 526 1810 seminis,
566 1761 674 1814 quod
707 1773 880 1812 superne
907 1761 956 1799 ad
984 1760 1123 1811 stigma
1156 1764 1379 1811 separatum
1407 1764 1482 1809 est,
1521 1766 1605 1800 tum

267 1851 366 1879 vero
393 1838 449 1878 ita
476 1838 684 1887 coalescit,
718 1841 763 1877 ut
798 1837 985 1889 distingui
1011 1839 1190 1888 nequeat.
1244 1836 1510 1888 Pericarpium
1537 1838 1606 1876 ita-

270 1928 347 1969 que
375 1916 515 1955 adesse
550 1915 707 1955 videtur
741 1917 782 1953 at
816 1927 906 1954 cum
939 1915 1207 1965 integumento
1243 1913 1443 1953 exteriore
1471 1913 1608 1953 intime

270 1997 492 2032 connatum.
549 1990 741 2043 Apertum
767 2004 864 2031 vero
899 2003 987 2031 esse
1021 1990 1124 2029 inter
1159 1989 1339 2041 stigmata
1364 1990 1607 2042 integumen-

270 2073 355 2110 tum
392 2069 556 2109 interius
589 2068 645 2108 ita
671 2072 716 2107 ut
742 2068 909 2107 nucleus
941 2067 1179 2119 promineat,
1221 2067 1316 2106 satis
1351 2071 1471 2119 patet.
1534 2069 1608 2107 Est

272 2146 418 2186 canalis
453 2145 694 2198 stigmaticus
721 2145 920 2185 rescissus.
987 2143 1193 2195 Singulare
1237 2144 1338 2183 duos
1374 2145 1608 2196 embryones

269 2223 419 2261 invuno
449 2222 668 2274 eodemque
697 2222 844 2262 semine
860 2222 1048 2261 Pinorum
1063 2221 1290 2272 frequenter
1315 2220 1491 2270 inveniri,
1519 2234 1609 2260 cum

271 2299 368 2339 alias
396 2311 487 2337 rara
514 2299 566 2338 sit
593 2302 817 2338 monstrosa
845 2297 1120 2337 conformatio.
1175 2297 1279 2336 Dum
1301 2299 1519 2348 germinant
1547 2310 1609 2338 se-

271 2377 377 2416 mina
403 2375 499 2426 Pini·
528 2375 792 2427 integumenta
820 2375 951 2415 omnia
993 2388 1083 2414 cum
1115 2374 1351 2414 adhaerente
1386 2378 1425 2414 et
1460 2374 1608 2414 adnata

273 2453 469 2493 albuminc
485 2452 552 2491 diu
574 2456 777 2492 remanent
795 2452 1050 2503 embryoneln
1077 2464 1248 2503 superne
1264 2451 1510 2500 includentia,
1540 2451 1611 2490 do-

271 2543 348 2571 nec
377 2529 470 2568 folia
497 2529 698 2568 seminalia
725 2529 920 2580 explicata
952 2530 1109 2569 demum
1138 2528 1346 2568 excutiant.

382 2606 425 2644 In
465 2606 658 2655 Gycadeis
701 2606 868 2647 similem
909 2619 995 2647 esse
1033 2609 1269 2647 structuram
1314 2605 1508 2645 Germinis
1536 2603 1609 2643 Ri-
