1682 2938
904 143 959 184 86

264 426 372 472 136.
438 421 558 471 Flos
592 429 666 472 est
698 441 894 489 gemma
931 443 957 473 e
991 424 1150 475 tribus
1183 425 1412 474 foliorum
1446 430 1602 474 muta-

454 516 616 559 torum
662 511 916 561 ordinibus
962 520 1220 576 constans,
1264 519 1446 562 extimo
1474 516 1604 579 peri-

454 601 636 664 gonio‚
692 600 851 649 medio
906 602 1150 651 andi-oceo
1199 609 1246 650 et
1297 606 1465 650 intimo
1511 619 1603 668 gy-

460 705 656 739 naeceo.

373 776 537 816 Gemma
561 791 582 817 e
603 778 792 818 foliorum
808 779 926 819 initiis
957 785 1110 821 constat
1124 780 1415 833 approximatis,
1445 784 1485 819 et
1514 791 1603 817 cum

262 853 429 906 quodvis
459 854 598 895 folium
625 856 774 894 nodum
801 857 963 904 indicet3
994 871 1015 897 e
1043 858 1158 898 nodis
1176 857 1465 909 approximatis.
1507 856 1604 894 Flos

261 929 399 972 similis
429 935 507 981 est,
549 932 624 972 nisi
651 933 758 985 quod
785 938 919 985 partes
946 934 1054 974 floris
1083 947 1154 975 seu
1180 935 1276 974 folia
1311 938 1476 983 mutata,
1515 946 1605 972 cum

261 1009 511 1061 explicantur
537 1013 577 1048 et
604 1010 654 1048 ad
675 1011 824 1060 Justam
851 1011 1158 1062 magnitudinem
1185 1015 1467 1063 pervenerunt,
1495 1024 1606 1051 num-

261 1099 378 1138 quam
406 1086 502 1125 alias
531 1099 701 1138 gemmas
731 1099 781 1126 ex
809 1087 937 1126 axillis
973 1089 1193 1138 proferant,
1237 1089 1344 1140 quod
1378 1089 1604 1139 saepissime

261 1162 301 1201 in
336 1163 441 1202 veris
478 1162 583 1203 foliis
621 1162 802 1203 accidere
837 1164 951 1203 solet.
1019 1165 1167 1203 Omnes
1204 1164 1322 1215 igitur
1355 1166 1404 1204 ad
1440 1166 1605 1206 eandem

259 1238 461 1291 pertinent
496 1240 883 1292 gemmificationem‚
939 1254 1010 1281 seu
1045 1241 1095 1280 ad
1132 1242 1299 1281 eundem
1335 1254 1503 1290 ramum,
1547 1242 1605 1282 uti

261 1313 298 1370 §.
316 1309 382 1356 25.
413 1316 561 1357 dictum
590 1322 662 1358 est.

370 1394 686 1446 Perigonium
711 1395 801 1435 dico
829 1395 1000 1447 partium
1027 1395 1139 1435 floris
1164 1396 1397 1435 extimarum
1426 1401 1465 1435 et
1492 1395 1606 1435 folia-

261 1483 423 1510 cearum
452 1472 715 1523 complexum,
744 1472 785 1511 in
815 1472 991 1525 calycem
1019 1476 1136 1526 atque
1166 1472 1357 1512 corollam
1383 1485 1500 1524 saepe
1529 1473 1606 1512 dis-

259 1548 437 1588 tinctum.
491 1549 606 1598 Flos,
635 1550 703 1602 qui
731 1549 868 1601 calyce
898 1554 937 1589 et
965 1549 1118 1589 corolla
1146 1554 1271 1598 caret,
1317 1549 1418 1589 flos
1446 1550 1605 1590 nudus

259 1629 437 1665 vocatur.
494 1627 694 1678 Perigonii
718 1626 915 1666 vocabulo
944 1627 1220 1666 Ehrhartus
1245 1627 1393 1677 primus
1420 1639 1516 1666 usus
1545 1630 1606 1667 est
1675 1651 1677 1653 ·

260 1702 302 1742 in
337 1703 606 1754 descriptione
644 1704 763 1742 Junci
799 1703 980 1754 vernalis:
1015 1704 1076 1753 (B
1087 1717 1107 1742 e
1118 1704 1193 1743 itr.
1223 1717 1244 1742 z
1253 1717 1280 1742 u
1289 1717 1309 1742 r
1335 1703 1406 1753 Nd‘a
1414 1707 1429 1742 t
1437 1717 1463 1742 u
1473 1703 1536 1742 rk.
1565 1703 1602 1743 6.

259 1777 414 1830 1137.)
470 1779 679 1820 Neckerus
708 1780 748 1819 in
771 1781 826 1820 El
836 1794 856 1820 e
866 1794 916 1820 m.
945 1780 970 1819 b
979 1793 1004 1820 0
1014 1784 1059 1820 ta
1067 1793 1104 1819 n.
1121 1778 1169 1830 ³¹⁶)
1195 1781 1508 1834 perigynandam
1537 1793 1606 1819 vo-

262 1856 374 1906 cavit,
402 1857 598 1896 vocabulo
627 1857 807 1897 barbaro.

366 1932 402 1973 A
411 1947 438 1973 n
447 1934 472 1974 d
480 1948 501 1973 r
511 1948 535 1974 0
546 1948 568 1973 c
577 1948 598 1974 e
606 1948 632 1973 u
642 1948 682 1973 m
725 1939 786 1974 est
830 1935 931 1974 alter
970 1934 1141 1985 partium
1180 1933 1279 1972 ordo
1318 1945 1339 1971 e
1373 1932 1603 1972 staminibus

258 2023 331 2049 seu
375 2012 609 2063 genitalibus
646 2012 833 2052 masculis
877 2011 1131 2063 compositus.
1186 2010 1357 2049 Nomine
1401 2009 1603 2061 aptissimo

258 2088 407 2140 primus
432 2100 528 2129 usus
556 2094 618 2129 est
646 2089 778 2141 Roep
789 2101 900 2129 erus
929 2088 1168 2140 (Linnaea
1197 2087 1232 2127 1.
1262 2086 1377 2134 437.)
1398 2083 1485 2136 **).

368 2162 406 2205 G
412 2180 440 2220 y
454 2179 480 2205 n
490 2180 513 2206 a
524 2180 545 2206 e
555 2180 577 2206 c
588 2180 608 2206 e
618 2181 690 2206 um
734 2167 914 2207 intimum
957 2170 1112 2205 constat
1147 2178 1168 2203 e
1203 2163 1352 2216 pistillo
1388 2163 1603 2215 pistillisve,

347 2342 384 2387 ⁴¹)
407 2343 495 2376 Nic.
519 2344 604 2377 Jos.
630 2345 680 2377 de
702 2343 890 2383 Necker‚
919 2343 1095 2376 Elementa
1118 2342 1284 2376 botanica.
1317 2341 1471 2383 Mogunt.
1497 2342 1549 2374 ed.
1573 2342 1602 2375 1.

259 2398 356 2433 1788.
388 2399 439 2430 ed.
462 2399 493 2432 2.
525 2398 623 2436 1808.
671 2400 758 2433 Sunt
783 2399 916 2432 Genera
939 2398 1147 2442 plantarum,
1178 2411 1241 2431 nec
1265 2397 1447 2430 Elementa.
1492 2396 1602 2429 Multa

259 2455 347 2487 bene
369 2453 450 2486 vidit
475 2454 611 2495 Auctor,
635 2455 690 2487 sed
708 2466 863 2487 sermone
883 2453 986 2487 utitur
1001 2454 1159 2492 barbaro,
1181 2464 1278 2496 saepe
1301 2450 1352 2483 vix
1374 2451 1599 2494 intelligendo.

326 2507 381 2552 **)
407 2508 459 2541 Ab
484 2503 574 2555 ἶίνηρ
599 2510 646 2542 vir
669 2518 700 2541 et
724 2512 821 2548 οἴκος
844 2509 965 2542 domus
990 2508 1165 2549 derivavit,
1197 2516 1229 2540 et
1251 2506 1477 2539 androeceum
1501 2519 1600 2539 voca-

260 2563 314 2603 vit,
336 2563 395 2597 sed
418 2571 527 2608 potest
549 2563 750 2596 vocabulum
777 2562 989 2610 ἀνδροκεῖον
1012 2562 1170 2602 formari,
1193 2561 1242 2594 uti
1264 2565 1472 2606 γυναικεῖον
1495 2558 1600 2593 Grae-

262 2631 392 2660 corum,
416 2618 509 2663 quod
533 2617 633 2651 etiam
657 2619 700 2650 ab
724 2620 822 2657 οἴκος
844 2618 1029 2652 derivatum
1053 2618 1122 2651 vult
1143 2616 1335 2664 Etymologi
1358 2625 1491 2650 veteres.
