1682 2938
917 139 972 179 82

277 248 492 287 incrassata
519 246 742 298 pedunculi,
773 251 813 286 et
842 261 931 287 cum
960 249 1205 300 pedunculus
1233 263 1255 289 a
1283 263 1392 290 ramo
1420 255 1614 292 structura

278 324 432 363 interna
455 335 536 362 non
565 323 736 373 differat,
778 328 838 363 est
864 338 955 375 pars
985 327 1167 377 superior
1194 327 1410 367 incrassata
1439 329 1554 378 rami,
1594 341 1616 367 c

274 413 352 452 qua
378 412 531 451 gemma
557 401 865 452 metamorphosi
892 401 1079 453 alienata,
1117 417 1186 443 seu
1214 406 1288 444 flos
1318 404 1498 456 emergit,
1525 405 1616 444 hinc

273 477 413 527 nodus,
443 480 482 516 et
506 477 664 529 quidem
691 477 820 517 nodus
849 478 1018 528 clausus,
1046 480 1137 532 quia
1156 485 1312 532 septum
1332 480 1455 530 adest,
1481 480 1616 534 inquo

272 553 381 593 floris
409 558 542 605 partes
570 554 780 595 interiores
808 553 1002 595 insistunt.

380 657 689 709 Receptaculum
718 659 914 699 excrescit
929 664 1016 700 ante
1031 661 1280 712 pedicellum,
1311 666 1349 700 et
1377 662 1535 714 quidem
1561 662 1616 702 ita

271 738 314 773 ut
342 734 521 773 fasciculi
556 747 741 774 vasorum
778 736 980 787 spiralium
1017 743 1261 786 accrescant,
1308 739 1435 778 forma
1470 743 1515 778 ut
1550 751 1615 778 so-

270 811 355 852 lent
397 811 722 851 moniliformium
769 817 808 852 et
853 817 1075 854 extrorsum
1118 820 1343 866 vergantur.
1413 815 1612 856 Numerus

274 887 553 928 fasciculorum
581 901 698 941 saepe
729 902 818 928 cum
846 903 1012 931 numero
1036 891 1261 943 phyllorum
1283 892 1479 943 perigonii
1506 897 1616 933 exte-

276 965 426 1004 riorum
443 965 640 1014 convenit‚
669 970 708 1005 et
735 967 912 1006 fasciculi
940 968 990 1007 ad
1017 973 1149 1019 partes
1177 968 1385 1008 interiores
1413 969 1522 1008 floris
1551 982 1616 1010 ac-

275 1043 460 1081 cedentes
488 1045 630 1092 postea
657 1047 899 1091 accrescunt,
928 1044 1125 1084 interdum
1152 1057 1249 1084 vero
1277 1044 1412 1095 plures
1440 1050 1532 1085 sunt
1560 1046 1616 1085 fa-

270 1118 408 1157 sciculi
454 1131 571 1170 quam
623 1117 758 1169 phylla
805 1119 999 1171 perigonii
1052 1121 1215 1160 externi.
1290 1122 1377 1160 Hoc
1418 1134 1451 1161 e.
1493 1135 1529 1174 g.
1572 1122 1613 1161 in

272 1194 446 1234 Primula
474 1194 623 1234 sinensi
656 1194 817 1244 accidit,
860 1195 957 1235 illud
994 1196 1034 1235 in
1063 1197 1234 1249 Syringa
1261 1197 1427 1248 vulgari.
1490 1199 1523 1238 E
1551 1211 1613 1238 re-

272 1271 479 1323 ceptaculo
516 1271 556 1311 in
595 1271 834 1322 pedicellum
869 1273 1111 1313 descendunt
1136 1286 1232 1314 vasa
1269 1277 1309 1313 et
1342 1286 1446 1314 nova
1482 1287 1614 1314 accre-

270 1353 403 1398 scunt,
443 1348 583 1388 eodem
612 1349 732 1389 modo
771 1362 850 1401 quo
881 1363 902 1388 e
931 1362 1084 1400 gemma
1111 1350 1152 1388 in
1175 1363 1326 1390 ramum
1355 1351 1611 1401 descendunt,

269 1426 326 1465 uti
353 1423 388 1479 §.
405 1424 472 1465 64.
501 1425 650 1464 dictum
678 1429 748 1465 est.

376 1528 560 1581 Plerique
593 1529 714 1568 flores
751 1542 801 1568 ex
840 1529 958 1568 unico
997 1534 1177 1570 constant
1211 1531 1330 1571 nodo.
1389 1530 1489 1570 Sunt
1516 1544 1613 1574 vero

269 1618 349 1645 non
377 1606 512 1657 pauci,
541 1605 609 1658 qui
636 1606 834 1657 duplicem
861 1605 1005 1645 habe'nt
1032 1607 1199 1656 nodum,
1225 1621 1347 1647 unum
1375 1607 1612 1657 inferiorem,

267 1683 336 1736 qui
363 1683 541 1723 ovarium
570 1683 745 1732 sustinet,
774 1684 941 1722 alterum
970 1682 1218 1734 superiorem
1246 1684 1313 1736 qui
1341 1685 1512 1738 reliquas
1539 1687 1612 1726 flo-

269 1759 322 1798 ris
349 1763 495 1811 partes.
551 1760 602 1798 Hi
629 1761 748 1798 flores
778 1759 952 1810 superi
980 1764 1174 1798 vocantur
1202 1773 1274 1799 seu
1303 1762 1525 1813 epigyni,
1555 1762 1612 1802 illi

268 1835 418 1875 inferi
446 1847 517 1875 seu
543 1836 809 1887 hypogyni.
849 1835 1034 1884 Termini,
1053 1848 1219 1886 superus
1236 1842 1275 1876 et
1291 1838 1438 1878 inferus
1467 1852 1489 1878 a
1509 1839 1612 1878 Lin-

267 1924 410 1961 naeo,
453 1911 495 1950 ni
524 1912 659 1961 fallor,
700 1912 916 1952 introducti
943 1916 1050 1958 sunt;
1088 1913 1278 1964 epigynus
1307 1919 1346 1953 et
1373 1915 1610 1967 hypogynus

268 2002 292 2027 a
318 1989 343 2027 J
353 1989 562 2028 ussieuo.
619 1989 665 2028 In
692 1990 790 2029 flore
817 2002 982 2040 supero,
1020 1989 1195 2041 calycem
1230 2003 1320 2029 cum
1350 1991 1486 2030 ovario
1517 2005 1610 2031 con-

267 2069 403 2104 natum
429 2078 527 2114 esse,
555 2066 669 2105 multi
697 2066 831 2106 dicunt
858 2066 1050 2106 Botanici.
1105 2066 1158 2106 At
1185 2071 1267 2107 tota
1296 2071 1355 2106 est
1382 2080 1473 2118 pars
1504 2072 1610 2107 exte-

267 2141 353 2180 rior
379 2143 621 2193 receptaculi
648 2156 719 2182 seu
746 2143 941 2194 pedicelli,
971 2157 1070 2196 quae
1099 2157 1272 2195 expansa
1289 2143 1493 2183 cavitatem
1521 2143 1611 2184 reli-

266 2216 369 2269 quit,
412 2218 454 2257 in
490 2232 567 2271 qua
604 2219 782 2259 ovarium
812 2220 1052 2269 continetur,
1092 2233 1165 2260 uec
1202 2220 1319 2272 calyx
1347 2220 1511 2259 adnatus
1539 2224 1608 2268 est,

266 2306 358 2333 nam
403 2294 443 2332 in
483 2300 685 2347 segmento
727 2297 980 2336 transversali
1024 2297 1149 2336 ovarii
1186 2297 1301 2336 inferi
1338 2297 1470 2336 nullae
1507 2296 1607 2336 aliae

266 2373 398 2422 partes
428 2373 732 2423 conspiciuntur,
761 2388 875 2426 quam
905 2374 943 2412 in
972 2378 1173 2425 segmento
1202 2372 1454 2413 transversali
1483 2372 1607 2412 ovarii

266 2446 416 2498 superi,
460 2450 567 2499 quod
611 2451 848 2501 comparatis
884 2450 1094 2502 segmentis
1130 2448 1455 2490 transversalibus
1488 2449 1606 2487 Jreos

265 2523 412 2563 sibirici
440 2527 479 2579 et
507 2525 755 2578 Ornithogali
783 2527 982 2566 umbellati
1019 2527 1110 2566 satis
1140 2529 1303 2566 constat.
1362 2525 1479 2578 Quod
1506 2536 1604 2578 quo-

263 2613 339 2652 que
366 2600 526 2641 floribus
555 2602 875 2653 semisuperis
903 2616 973 2643 seu
1002 2603 1263 2656 perigynis
1292 2606 1352 2642 sat
1379 2601 1480 2641 bene
1497 2612 1604 2639 com-
