1682 2938
872 151 954 195 108

239 260 280 300 in
308 257 609 311 Commelineis‚
639 261 791 302 corolla
825 266 955 304 tamen
992 265 1032 304 in
1062 277 1111 304 eo
1139 264 1188 304 ab
1217 266 1306 306 aliis
1337 265 1501 307 corollis
1529 269 1586 308 di-

238 341 415 389 screpat,
443 338 552 390 quod
577 336 722 392 phylla
748 343 828 379 tam
855 338 1012 395 calycis
1041 355 1158 395 quam
1188 341 1388 394 corollae,
1415 345 1586 384 stamini-

237 415 310 454 bus
347 416 531 468 opposita
562 416 659 466 sint,
701 430 938 471 quamquam
974 419 1079 459 inter
1120 433 1164 460 se
1205 418 1416 462 alternent.
1478 423 1503 461 J
1512 435 1585 462 us-

236 492 370 533 sieus
413 492 545 546 itaque
587 492 766 546 calycem
807 494 1036 536 interiorem
1071 497 1220 537 hancce
1260 502 1379 538 vocat
1419 502 1584 550 partem,

236 569 419 622 equidem
447 568 627 623 calycem
654 572 808 611 huncce
838 576 877 612 et
903 573 1113 625 hybridum
1141 575 1360 615 crinoma
1385 588 1582 616 vocarem.

233 647 488 699 Perigonium
514 648 641 688 hocce
667 649 796 689 varias
825 648 1004 691 corollae
1031 664 1152 691 verae
1186 653 1303 692 habet
1331 655 1496 702 formas,
1541 653 1583 692 in
1656 655 1670 698 ,ξ

233 724 449 765 Gannaceis
476 728 608 766 tamen
636 729 676 766 et
703 723 948 778 Alpiniaceis
976 727 1175 780 singulare
1204 733 1280 779 est,
1321 728 1445 769 limbo
1476 733 1583 769 exte·
1619 718 1622 722 ’

232 801 340 841 riore
368 807 408 841 et
435 801 640 852 interiore,
670 801 868 854 dissimili,
897 809 1070 858 utroque
1097 806 1313 858 tripartito,
1341 807 1493 860 phyllis
1522 804 1581 846 al·

231 879 488 928 ternantibus,
517 879 704 919 interiore
725 892 844 932 saepe
871 882 1010 933 phyllo
1038 883 1228 923 inferiore
1256 884 1407 924 reflexo
1437 889 1476 923 et
1504 884 1581 923 dis·

232 956 361 1006 simili,
385 953 579 997 labellum
606 959 880 998 constituente.
936 960 984 998 In
1011 960 1230 1000 Cannaceis
1260 960 1383 1013 calyx
1410 958 1581 1013 triphyl-

229 1032 292 1073 lus
321 1037 382 1073 est
409 1033 622 1087 epigynus‚
649 1034 692 1074 in
718 1033 960 1086 Alpiniaceis
989 1037 1126 1088 spatha
1154 1037 1339 1091 epigyna.

338 1183 501 1238 Calyx
528 1183 816 1235 glumaceus
845 1197 867 1224 e
895 1184 1049 1239 phyllis
1077 1189 1232 1226 constat
1259 1187 1429 1228 bracteis
1457 1188 1578 1228 simil-

226 1262 332 1303 limis
359 1262 430 1302 sed
457 1261 499 1301 in
526 1261 664 1301 orbem
690 1261 851 1313 positis,
879 1262 1113 1316 plerumque
1141 1264 1428 1318 monocyclus,
1463 1265 1578 1318 digy-

229 1353 319 1390 rus,
353 1339 550 1379 trimerus.
608 1338 734 1378 Color
760 1338 957 1378 interdum
985 1340 1136 1380 fuscus,
1200 1341 1290 1381 Situ
1324 1356 1464 1383 versus
1500 1347 1577 1383 sta-

226 1419 333 1459 mina
361 1430 452 1456 cum
479 1415 620 1469 calyce
647 1415 821 1468 hybrido
851 1417 1049 1456 convenit.
1105 1418 1151 1457 In
1173 1419 1337 1459 Junceis
1365 1420 1574 1472 reperitur.

226 1493 399 1536 Valvula
425 1492 610 1544 superior
636 1492 847 1543 glumellae
871 1493 1103 1534 Graminum
1131 1496 1326 1547 ejusmodi
1354 1497 1477 1551 calyx
1492 1510 1576 1537 mu-

226 1573 320 1614 tilus
347 1571 505 1615 videtur
532 1570 590 1620 (v.
619 1567 801 1624 §.1342

334 1720 528 1774 Cupula
555 1724 617 1761 est
649 1720 766 1772 calyx
794 1721 868 1760 sub
896 1721 1150 1761 florescentia
1177 1734 1260 1761 non
1300 1721 1491 1772 existens,
1533 1722 1573 1761 in

222 1802 355 1841 fructu
383 1810 591 1848 enascens,
634 1798 787 1851 calycis
813 1798 986 1849 vulgaris
1022 1799 1170 1848 forma,
1213 1799 1283 1838 sed
1319 1799 1476 1851 saepius
1504 1812 1575 1839 ore

225 1879 399 1930 integro,
427 1876 625 1916 interdum
651 1874 824 1915 bracteis
852 1875 1004 1915 adnatis
1033 1879 1077 1915 ut
1104 1876 1146 1915 in
1168 1878 1347 1928 Quemn,
1376 1877 1573 1918 interdum

223 1968 384 2010 quoque
425 1954 610 1994 baccatus
652 1953 698 1993 fit
741 1957 788 1993 ut
842 1953 883 1993 in
925 1954 1050 1994 Taxo.
1134 1953 1387 1995 Amentaceis
1442 1954 1573 1995 solen-

221 2035 284 2075 nis
313 2037 383 2073 est.

225 2250 334 2297 139.
422 2244 679 2294 Corolla
724 2244 967 2294 formatur
1017 2261 1044 2292 e
1089 2247 1338 2310 perigonii
1386 2243 1568 2312 phyllis

418 2332 757 2396 interioribus,
774 2330 1121 2395 tenerioribus,
1151 2333 1450 2382 androceum
1468 2336 1568 2382 cin-

413 2420 658 2487 gentibus.

494 2533 542 2574 A.
601 2535 809 2575 Corolia
842 2548 929 2587 per
968 2548 1020 2575 se
1055 2537 1292 2587 spectata.

332 2632 376 2672 Si
406 2631 527 2687 calyx
553 2633 683 2684 adest,
728 2633 881 2675 corolla
908 2634 1024 2675 facile
1053 2633 1320 2686 distinguitur,
1364 2633 1443 2674 situ
1470 2633 1567 2673 inte-
