1682 2938
912 131 993 173 118

266 254 368 299 *sam
402 241 575 281 secernit
607 254 708 294 quae
741 242 878 282 tubum
914 242 1024 282 initio
1054 241 1317 293 conglutinat,
1362 246 1407 280 ut
1440 242 1624 281 antherae

287 332 378 358 cum
412 318 560 370 pistillo
591 318 760 358 transire
795 332 877 359 non
911 319 1066 371 possint
1111 331 1232 371 quare
1269 319 1317 358 ad
1350 319 1454 358 latus
1486 331 1624 358 versae

287 396 424 435 tubum
459 395 611 435 findunt
655 399 694 435 et
739 396 794 435 ita
828 395 1044 435 lateraliter
1086 396 1300 447 prodeunt,
1350 396 1478 434 donec
1512 400 1552 434 et
1585 395 1626 435 in

287 472 400 523 apice
429 471 604 512 corollae
634 472 773 511 dentes
796 473 993 522 secedant,
1022 473 1287 524 quodLeop.
1317 473 1372 511 de
1390 473 1520 510 Buch
1547 472 1627 523 pri·
1654 462 1656 465 ’

286 561 373 588 mus
403 550 587 600 exposuit
611 549 789 598 (Flora
817 550 861 588 T.
881 547 944 588 15.
972 563 1010 600 p.
1026 548 1150 598 641.)
1181 571 1231 580 -
1282 549 1444 588 Corolla
1470 549 1629 600 ligulata
1656 549 1659 552 ’

288 626 619 666 Cichoracearum
654 630 716 665 est
749 639 830 666 cor.
863 626 1056 677 regularis
1092 626 1199 675 fissa,
1242 639 1323 665 cor.
1358 626 1522 677 ligulata
1553 627 1630 665 Co-
1659 639 1662 667 2

287 703 588 754 rymbiferarum
620 716 717 743 vero
754 707 815 742 est
850 716 930 742 cor.
968 703 1212 754 irregularis,
1251 703 1433 743 dentibus
1477 703 1629 742 duobus
1661 698 1664 749 ᾖ

289 778 533 820 oblitteratis.

399 888 586 929 Corollae
620 888 870 940 polypetalae
907 890 1074 928 formam
1110 889 1292 928 Botanici
1326 889 1477 941 antiqui
1518 902 1632 940 prae-

289 965 427 1005 sertim
461 964 854 1004 Tournefortius
895 966 1111 1004 secundum
1148 966 1301 1017 plantas
1342 966 1529 1018 quasdam
1565 966 1632 1004 de-

290 1043 566 1088 terminarunt3
610 1046 650 1080 et
678 1041 736 1080 sic
765 1041 957 1080 corollam
985 1054 1207 1091 rosaceam,
1235 1043 1427 1081 liliaceam
1456 1047 1527 1081 etc.
1557 1042 1635 1081 dis-

291 1117 505 1158 tinxerunt.
562 1119 671 1157 Inter
698 1117 889 1156 corollam
902 1118 1193 1168 monopetalam
1222 1124 1260 1158 et
1287 1119 1552 1170 polypetalam
1580 1119 1637 1157 le-

291 1195 453 1236 vissima
486 1195 683 1234 interdum
717 1194 927 1233 intercedit
963 1194 1198 1243 differentia,
1239 1195 1298 1233 uti
1337 1208 1455 1246 supra
1489 1195 1635 1234 dictum

294 1276 371 1322 est,
408 1272 462 1312 ita
500 1276 546 1311 ut
581 1271 741 1311 termini
770 1270 947 1310 corollae
977 1271 1251 1322 monopetalae
1287 1271 1336 1310 ad
1369 1271 1636 1322 polypetalam

294 1361 377 1389 non
404 1348 460 1388 ita
488 1348 647 1388 difficile
677 1347 868 1399 applicari
896 1347 1068 1398 possint,
1106 1352 1145 1387 et
1173 1349 1378 1398 suaserim,
1408 1362 1529 1400 parva
1556 1362 1640 1388 mu-

293 1426 441 1467 tatione
476 1424 762 1465 terminationis
797 1425 956 1463 eosdem
991 1429 1172 1476 repetere
1206 1425 1407 1465 terminos.
1480 1427 1637 1477 Ungues

296 1502 401 1543 enim
428 1501 604 1541 corollae
631 1501 882 1553 polypetalae
916 1501 1033 1540 simul
1070 1502 1189 1541 sumti
1218 1503 1353 1541 tubum
1382 1503 1638 1552 constituunt,

295 1579 465 1619 laminae
481 1578 655 1618 limbum.
712 1577 915 1617 Corollam
943 1578 1064 1629 igitur
1091 1579 1338 1630 globatam
1366 1579 1530 1619 dixerim
1555 1580 1640 1632 glo-

296 1657 435 1696 bosam
462 1655 738 1707 polypetalam,
769 1668 868 1707 quae
896 1655 1016 1707 vulgo
1045 1657 1095 1695 ad
1124 1668 1206 1695 cor.
1236 1669 1439 1696 rosaceam
1460 1658 1640 1698 refertur.

298 1733 367 1773 Sic
395 1746 554 1785 quoque
583 1732 709 1772 dicas:
750 1745 846 1771 cor.
877 1733 1204 1781 ovaliformis,
1235 1733 1640 1784 cylindriformis,

301 1810 602 1862 cyathoidea
628 1808 802 1858 (liliacea
829 1808 983 1857 Auct.)‚
1026 1809 1448 1859 campaniformis‚
1485 1810 1642 1848 infun-

303 1887 558 1926 dibulacea
592 1885 789 1934 (Silene),
824 1885 1102 1925 rotiformis
1138 1890 1208 1924 etc.
1271 1886 1472 1925 Cor-ollam
1509 1899 1643 1937 eury-

302 1964 518 2017 petalam
545 1962 729 2011 dixerim,
758 1964 871 2013 cujus
899 1962 1029 2014 petala
1055 1962 1168 2001 nimis
1197 1963 1357 2010 distant,
1383 1962 1520 2001 saltem
1548 1962 1642 2012 basi,

303 2055 354 2081 ne
391 2042 440 2080 ad
473 2040 747 2092 monopetalas
781 2038 923 2079 referri
955 2039 1118 2090 possint.
1180 2040 1267 2078 Huc
1302 2039 1510 2078 referenda
1546 2039 1642 2090 colr.

305 2118 548 2167 cruciata,
575 2118 715 2169 petalis
745 2121 915 2169 quatuor
943 2116 1146 2155 cruciatim
1174 2116 1378 2167 oppositis,
1408 2129 1508 2168 quae
1528 2116 1645 2155 simul

304 2194 420 2233 habet
447 2193 624 2245 calycem
652 2194 932 2245 tetraphyllum
962 2193 1128 2232 stamina
1161 2193 1240 2232 duo
1271 2194 1469 2232 exteriora
1499 2194 1644 2246 calycis

306 2270 450 2322 phyllis
487 2271 661 2322 oposita,
707 2284 796 2310 cum
840 2269 979 2321 petalis
1015 2269 1263 2319 alternantia,
1307 2270 1460 2309 duobus
1494 2270 1535 2309 in
1569 2271 1646 2309 hoc

308 2360 408 2400 gyro
423 2347 705 2396 deficientibus,
733 2347 897 2387 stamina
924 2350 1094 2399 quatuor
1119 2347 1316 2395 interiora,
1344 2345 1482 2397 petalis
1511 2351 1555 2386 ut
1582 2347 1647 2386 de-

310 2430 391 2474 cet,
427 2425 609 2476 opposita
649 2424 742 2474 (cfr.
773 2424 930 2464 Kunth
964 2423 1200 2464 Abhandl.
1237 2425 1323 2463 der
1349 2423 1476 2462 Berl.
1505 2422 1644 2462 Acad.

312 2501 430 2548 1832.
458 2500 558 2551 38.)

421 2599 584 2640 Corolla
628 2601 903 2652 catapetala
942 2599 1172 2640 intermedia
1214 2602 1273 2637 est
1316 2597 1419 2637 inter
1458 2609 1646 2648 monope-
