<?xml version="1.0" encoding="UTF-8"?>
<!DOCTYPE html PUBLIC "-//W3C//DTD XHTML 1.0 Transitional//EN"
    "http://www.w3.org/TR/xhtml1/DTD/xhtml1-transitional.dtd">
<html xmlns="http://www.w3.org/1999/xhtml" xml:lang="en" lang="en">
 <head>
  <title>
</title>
<meta http-equiv="Content-Type" content="text/html;charset=utf-8" />
  <meta name='ocr-system' content='tesseract 3.04.00' />
  <meta name='ocr-capabilities' content='ocr_page ocr_carea ocr_par ocr_line ocrx_word'/>
</head>
<body>
  <div class='ocr_page' id='page_1' title='image "./elementaphilosop02linkuoft_0336.png"; bbox 0 0 1682 2938; ppageno 0'>
   <div class='ocr_carea' id='block_1_1' title="bbox 919 123 1002 167">
    <p class='ocr_par' dir='ltr' id='par_1_1' title="bbox 919 123 1002 167">
     <span class='ocr_line' id='line_1_1' title="bbox 919 123 1002 167; baseline 0 0"><span class='ocrx_word' id='word_1_1' title='bbox 919 123 1002 167; x_wconf 85' lang='lat'>314</span> 
     </span>
    </p>
   </div>
   <div class='ocr_carea' id='block_1_2' title="bbox 288 234 1629 444">
    <p class='ocr_par' dir='ltr' id='par_1_2' title="bbox 288 234 1629 444">
     <span class='ocr_line' id='line_1_2' title="bbox 400 234 1629 290; baseline -0.002 -12"><span class='ocrx_word' id='word_1_2' title='bbox 400 238 607 290; x_wconf 87' lang='lat' dir='ltr'>Oxygenei</span> <span class='ocrx_word' id='word_1_3' title='bbox 647 237 803 278; x_wconf 84' lang='lat' dir='ltr'>actione</span> <span class='ocrx_word' id='word_1_4' title='bbox 846 237 886 277; x_wconf 93' lang='lat' dir='ltr'>in</span> <span class='ocrx_word' id='word_1_5' title='bbox 925 235 1174 288; x_wconf 84' lang='lat' dir='ltr'>vegetatione</span> <span class='ocrx_word' id='word_1_6' title='bbox 1214 235 1338 276; x_wconf 82' lang='lat' dir='ltr'>fretus</span> <span class='ocrx_word' id='word_1_7' title='bbox 1373 234 1629 276; x_wconf 87' lang='lat' dir='ltr'>Humbold-</span> 
     </span>
     <span class='ocr_line' id='line_1_3' title="bbox 291 312 1628 368; baseline -0.003 -13"><span class='ocrx_word' id='word_1_8' title='bbox 291 316 390 356; x_wconf 89' lang='lat' dir='ltr'>tius</span> <span class='ocrx_word' id='word_1_9' title='bbox 418 328 520 368; x_wconf 87' lang='lat' dir='ltr'>aqua</span> <span class='ocrx_word' id='word_1_10' title='bbox 548 314 726 354; x_wconf 89' lang='lat' dir='ltr'>chlorum</span> <span class='ocrx_word' id='word_1_11' title='bbox 753 314 977 354; x_wconf 81' lang='lat' dir='ltr'>continente</span> <span class='ocrx_word' id='word_1_12' title='bbox 1003 312 1131 365; x_wconf 88' lang='lat' dir='ltr'>(quod</span> <span class='ocrx_word' id='word_1_13' title='bbox 1154 325 1242 352; x_wconf 90' lang='lat' dir='ltr'>cum</span> <span class='ocrx_word' id='word_1_14' title='bbox 1270 325 1370 365; x_wconf 86' lang='lat' dir='ltr'>aqua</span> <span class='ocrx_word' id='word_1_15' title='bbox 1396 312 1478 352; x_wconf 90' lang='lat' dir='ltr'>luci</span> <span class='ocrx_word' id='word_1_16' title='bbox 1506 324 1628 364; x_wconf 82' lang='lat' dir='ltr'>expo-</span> 
     </span>
     <span class='ocr_line' id='line_1_4' title="bbox 288 376 1626 444; baseline -0.001 -12"><span class='ocrx_word' id='word_1_17' title='bbox 288 394 405 432; x_wconf 90' lang='lat' dir='ltr'>situm</span> <span class='ocrx_word' id='word_1_18' title='bbox 433 391 671 444; x_wconf 87' lang='lat' dir='ltr'>oxygenium</span> <span class='ocrx_word' id='word_1_19' title='bbox 699 376 871 441; x_wconf 82' lang='lat' dir='ltr'>emittit),</span> <span class='ocrx_word' id='word_1_20' title='bbox 899 404 973 430; x_wconf 89' lang='lat' dir='ltr'>nec</span> <span class='ocrx_word' id='word_1_21' title='bbox 1001 403 1082 430; x_wconf 88' lang='lat' dir='ltr'>non</span> <span class='ocrx_word' id='word_1_22' title='bbox 1110 390 1252 441; x_wconf 86' lang='lat' dir='ltr'>oxydis</span> <span class='ocrx_word' id='word_1_23' title='bbox 1277 389 1482 429; x_wconf 83' lang='lat' dir='ltr'>metallicis</span> <span class='ocrx_word' id='word_1_24' title='bbox 1509 389 1626 430; x_wconf 82' lang='lat' dir='ltr'>variis</span> 
     </span>
    </p>
   </div>
   <div class='ocr_carea' id='block_1_3' title="bbox 288 465 1659 520">
    <p class='ocr_par' dir='ltr' id='par_1_3' title="bbox 288 465 1659 520">
     <span class='ocr_line' id='line_1_5' title="bbox 288 465 1659 520; baseline -0.003 -10"><span class='ocrx_word' id='word_1_25' title='bbox 288 483 384 510; x_wconf 87' lang='lat' dir='ltr'>usus</span> <span class='ocrx_word' id='word_1_26' title='bbox 413 475 482 519; x_wconf 91' lang='lat' dir='ltr'>est,</span> <span class='ocrx_word' id='word_1_27' title='bbox 510 471 551 508; x_wconf 88' lang='lat' dir='ltr'>in</span> <span class='ocrx_word' id='word_1_28' title='bbox 577 468 858 520; x_wconf 85' lang='lat' dir='ltr'>germinatione</span> <span class='ocrx_word' id='word_1_29' title='bbox 878 468 1147 520; x_wconf 84' lang='lat' dir='ltr'>promovenda</span> <span class='ocrx_word' id='word_1_30' title='bbox 1169 467 1222 516; x_wconf 93' lang='lat' dir='ltr'>(A</span> <span class='ocrx_word' id='word_1_31' title='bbox 1231 480 1256 518; x_wconf 90' lang='lat' dir='ltr'>p</span> <span class='ocrx_word' id='word_1_32' title='bbox 1265 467 1290 505; x_wconf 91' lang='lat' dir='ltr'>h</span> <span class='ocrx_word' id='word_1_33' title='bbox 1299 480 1323 506; x_wconf 94' lang='lat' dir='ltr'>o</span> <span class='ocrx_word' id='word_1_34' title='bbox 1331 466 1398 506; x_wconf 88' lang='lat' dir='ltr'>ris</span> <span class='ocrx_word' id='word_1_35' title='bbox 1408 480 1447 506; x_wconf 93' lang='lat' dir='ltr'>m</span> <span class='ocrx_word' id='word_1_36' title='bbox 1456 479 1477 506; x_wconf 91' lang='lat' dir='ltr'>e</span> <span class='ocrx_word' id='word_1_37' title='bbox 1486 480 1513 506; x_wconf 93' lang='lat' dir='ltr'>n</span> <span class='ocrx_word' id='word_1_38' title='bbox 1527 465 1625 517; x_wconf 66' lang='lat'>68.)</span> <span class='ocrx_word' id='word_1_39' title='bbox 1657 482 1659 486; x_wconf 58' lang='lat'><strong><em>⁴</em></strong></span> 
     </span>
    </p>
   </div>
   <div class='ocr_carea' id='block_1_4' title="bbox 284 544 1627 1596">
    <p class='ocr_par' dir='ltr' id='par_1_4' title="bbox 288 544 1554 596">
     <span class='ocr_line' id='line_1_6' title="bbox 288 544 1554 596; baseline -0.004 -9"><span class='ocrx_word' id='word_1_40' title='bbox 288 547 414 588; x_wconf 86' lang='lat' dir='ltr'>Felici</span> <span class='ocrx_word' id='word_1_41' title='bbox 440 558 628 586; x_wconf 87' lang='lat' dir='ltr'>successu</span> <span class='ocrx_word' id='word_1_42' title='bbox 654 546 694 585; x_wconf 92' lang='lat' dir='ltr'>in</span> <span class='ocrx_word' id='word_1_43' title='bbox 721 546 847 585; x_wconf 87' lang='lat' dir='ltr'>Horto</span> <span class='ocrx_word' id='word_1_44' title='bbox 875 545 1058 585; x_wconf 86' lang='lat' dir='ltr'>botanico</span> <span class='ocrx_word' id='word_1_45' title='bbox 1087 557 1188 596; x_wconf 85' lang='lat' dir='ltr'>aqua</span> <span class='ocrx_word' id='word_1_46' title='bbox 1215 544 1290 583; x_wconf 84' lang='lat' dir='ltr'>ista</span> <span class='ocrx_word' id='word_1_47' title='bbox 1318 544 1380 582; x_wconf 88' lang='lat' dir='ltr'>usi</span> <span class='ocrx_word' id='word_1_48' title='bbox 1407 556 1554 583; x_wconf 85' lang='lat' dir='ltr'>sumus.</span> 
     </span>
    </p>

    <p class='ocr_par' dir='ltr' id='par_1_5' title="bbox 286 619 1627 827">
     <span class='ocr_line' id='line_1_7' title="bbox 396 619 1626 672; baseline -0.004 -9"><span class='ocrx_word' id='word_1_49' title='bbox 396 625 547 663; x_wconf 90' lang='lat' dir='ltr'>Lumen</span> <span class='ocrx_word' id='word_1_50' title='bbox 580 622 721 662; x_wconf 83' lang='lat' dir='ltr'>fortius</span> <span class='ocrx_word' id='word_1_51' title='bbox 757 635 838 662; x_wconf 90' lang='lat' dir='ltr'>non</span> <span class='ocrx_word' id='word_1_52' title='bbox 866 623 997 661; x_wconf 86' lang='lat' dir='ltr'>ferunt</span> <span class='ocrx_word' id='word_1_53' title='bbox 1024 621 1173 661; x_wconf 87' lang='lat' dir='ltr'>semina</span> <span class='ocrx_word' id='word_1_54' title='bbox 1200 620 1456 672; x_wconf 84' lang='lat' dir='ltr'>germinantia</span> <span class='ocrx_word' id='word_1_55' title='bbox 1487 620 1557 660; x_wconf 90' lang='lat' dir='ltr'>sed</span> <span class='ocrx_word' id='word_1_56' title='bbox 1586 619 1626 658; x_wconf 90' lang='lat' dir='ltr'>in</span> 
     </span>
     <span class='ocr_line' id='line_1_8' title="bbox 286 697 1627 750; baseline -0.003 -10"><span class='ocrx_word' id='word_1_57' title='bbox 286 700 379 741; x_wconf 90' lang='lat' dir='ltr'>loco</span> <span class='ocrx_word' id='word_1_58' title='bbox 409 701 579 740; x_wconf 88' lang='lat' dir='ltr'>obscuro</span> <span class='ocrx_word' id='word_1_59' title='bbox 609 699 721 738; x_wconf 89' lang='lat' dir='ltr'>citius</span> <span class='ocrx_word' id='word_1_60' title='bbox 749 698 968 750; x_wconf 86' lang='lat' dir='ltr'>germinant</span> <span class='ocrx_word' id='word_1_61' title='bbox 996 699 1048 748; x_wconf 86' lang='lat' dir='ltr'>(S</span> <span class='ocrx_word' id='word_1_62' title='bbox 1060 698 1261 738; x_wconf 86' lang='lat' dir='ltr'>enebier</span> <span class='ocrx_word' id='word_1_63' title='bbox 1287 698 1313 737; x_wconf 95' lang='lat' dir='ltr'>l.</span> <span class='ocrx_word' id='word_1_64' title='bbox 1344 697 1517 745; x_wconf 81' lang='lat' dir='ltr'>c.396.).</span> <span class='ocrx_word' id='word_1_65' title='bbox 1550 698 1627 736; x_wconf 88' lang='lat' dir='ltr'>Lu-</span> 
     </span>
     <span class='ocr_line' id='line_1_9' title="bbox 286 774 1452 827; baseline -0.004 -9"><span class='ocrx_word' id='word_1_66' title='bbox 286 791 387 827; x_wconf 83' lang='lat' dir='ltr'>men,</span> <span class='ocrx_word' id='word_1_67' title='bbox 415 782 458 817; x_wconf 87' lang='lat' dir='ltr'>ut</span> <span class='ocrx_word' id='word_1_68' title='bbox 487 777 589 817; x_wconf 87' lang='lat' dir='ltr'>solet</span> <span class='ocrx_word' id='word_1_69' title='bbox 617 775 899 816; x_wconf 87' lang='lat' dir='ltr'>combinationi</span> <span class='ocrx_word' id='word_1_70' title='bbox 928 789 1017 814; x_wconf 87' lang='lat' dir='ltr'>cum</span> <span class='ocrx_word' id='word_1_71' title='bbox 1045 775 1256 815; x_wconf 71' lang='lat' dir='ltr'>cai-bonico</span> <span class='ocrx_word' id='word_1_72' title='bbox 1285 774 1452 814; x_wconf 86' lang='lat' dir='ltr'>resistat.</span> 
     </span>
    </p>

    <p class='ocr_par' dir='ltr' id='par_1_6' title="bbox 286 850 1627 979">
     <span class='ocr_line' id='line_1_10' title="bbox 398 850 1627 906; baseline -0.002 -14"><span class='ocrx_word' id='word_1_73' title='bbox 398 854 516 906; x_wconf 84' lang='lat' dir='ltr'>Quod</span> <span class='ocrx_word' id='word_1_74' title='bbox 544 853 730 892; x_wconf 89' lang='lat' dir='ltr'>humores</span> <span class='ocrx_word' id='word_1_75' title='bbox 760 857 800 892; x_wconf 90' lang='lat' dir='ltr'>et</span> <span class='ocrx_word' id='word_1_76' title='bbox 829 852 941 892; x_wconf 91' lang='lat' dir='ltr'>color</span> <span class='ocrx_word' id='word_1_77' title='bbox 967 852 1122 891; x_wconf 84' lang='lat' dir='ltr'>valeant</span> <span class='ocrx_word' id='word_1_78' title='bbox 1141 851 1456 891; x_wconf 85' lang='lat' dir='ltr'>Edwardtius</span> <span class='ocrx_word' id='word_1_79' title='bbox 1487 850 1573 891; x_wconf 85' lang='lat' dir='ltr'>etc</span> <span class='ocrx_word' id='word_1_80' title='bbox 1583 862 1627 890; x_wconf 94' lang='lat' dir='ltr'>o-</span> 
     </span>
     <span class='ocr_line' id='line_1_11' title="bbox 286 927 1376 979; baseline -0.002 -9"><span class='ocrx_word' id='word_1_81' title='bbox 286 931 416 970; x_wconf 88' lang='lat' dir='ltr'>linus</span> <span class='ocrx_word' id='word_1_82' title='bbox 442 930 678 969; x_wconf 87' lang='lat' dir='ltr'>adnotarunt</span> <span class='ocrx_word' id='word_1_83' title='bbox 702 929 779 979; x_wconf 89' lang='lat' dir='ltr'>(N.</span> <span class='ocrx_word' id='word_1_84' title='bbox 806 929 923 969; x_wconf 92' lang='lat' dir='ltr'>Ann.</span> <span class='ocrx_word' id='word_1_85' title='bbox 953 929 989 968; x_wconf 92' lang='lat' dir='ltr'>d.</span> <span class='ocrx_word' id='word_1_86' title='bbox 1018 941 1080 969; x_wconf 88' lang='lat' dir='ltr'>sc.</span> <span class='ocrx_word' id='word_1_87' title='bbox 1109 941 1147 969; x_wconf 92' lang='lat' dir='ltr'>n.</span> <span class='ocrx_word' id='word_1_88' title='bbox 1176 927 1212 968; x_wconf 91' lang='lat'>1.</span> <span class='ocrx_word' id='word_1_89' title='bbox 1239 927 1376 977; x_wconf 57' lang='lat'>2570-</span> 
     </span>
    </p>

    <p class='ocr_par' dir='ltr' id='par_1_7' title="bbox 285 1003 1625 1365">
     <span class='ocr_line' id='line_1_12' title="bbox 391 1003 1624 1058; baseline -0.002 -12"><span class='ocrx_word' id='word_1_90' title='bbox 391 1008 437 1046; x_wconf 91' lang='lat' dir='ltr'>In</span> <span class='ocrx_word' id='word_1_91' title='bbox 497 1006 772 1046; x_wconf 81' lang='lat' dir='ltr'>exsiccationis</span> <span class='ocrx_word' id='word_1_92' title='bbox 832 1006 994 1046; x_wconf 85' lang='lat' dir='ltr'>effectus</span> <span class='ocrx_word' id='word_1_93' title='bbox 1066 1004 1268 1058; x_wconf 85' lang='lat' dir='ltr'>inquisivit</span> <span class='ocrx_word' id='word_1_94' title='bbox 1325 1003 1624 1043; x_wconf 85' lang='lat' dir='ltr'>Saussurius</span> 
     </span>
     <span class='ocr_line' id='line_1_13' title="bbox 285 1080 1625 1135; baseline -0.004 -12"><span class='ocrx_word' id='word_1_95' title='bbox 285 1083 430 1135; x_wconf 84' lang='lat' dir='ltr'>(Ann.</span> <span class='ocrx_word' id='word_1_96' title='bbox 468 1084 503 1122; x_wconf 92' lang='lat' dir='ltr'>d.</span> <span class='ocrx_word' id='word_1_97' title='bbox 541 1095 602 1123; x_wconf 88' lang='lat' dir='ltr'>sc.</span> <span class='ocrx_word' id='word_1_98' title='bbox 639 1097 676 1125; x_wconf 90' lang='lat' dir='ltr'>n.</span> <span class='ocrx_word' id='word_1_99' title='bbox 713 1082 776 1123; x_wconf 93' lang='grc'>10.</span> <span class='ocrx_word' id='word_1_100' title='bbox 814 1082 913 1132; x_wconf 86' lang='grc'><strong>68.).</strong></span> <span class='ocrx_word' id='word_1_101' title='bbox 978 1083 1085 1122; x_wconf 91' lang='lat' dir='ltr'>Idem</span> <span class='ocrx_word' id='word_1_102' title='bbox 1121 1082 1170 1121; x_wconf 90' lang='lat' dir='ltr'>de</span> <span class='ocrx_word' id='word_1_103' title='bbox 1197 1080 1412 1120; x_wconf 80' lang='lat' dir='ltr'>mutatione</span> <span class='ocrx_word' id='word_1_104' title='bbox 1438 1080 1556 1132; x_wconf 88' lang='lat' dir='ltr'>amyli</span> <span class='ocrx_word' id='word_1_105' title='bbox 1583 1080 1625 1119; x_wconf 88' lang='lat' dir='ltr'>in</span> 
     </span>
     <span class='ocr_line' id='line_1_14' title="bbox 286 1157 1625 1212; baseline -0.004 -11"><span class='ocrx_word' id='word_1_106' title='bbox 286 1162 516 1202; x_wconf 86' lang='lat' dir='ltr'>saccharum</span> <span class='ocrx_word' id='word_1_107' title='bbox 552 1161 716 1199; x_wconf 87' lang='lat' dir='ltr'>durante</span> <span class='ocrx_word' id='word_1_108' title='bbox 749 1159 1031 1212; x_wconf 82' lang='lat' dir='ltr'>germinatione</span> <span class='ocrx_word' id='word_1_109' title='bbox 1075 1157 1341 1210; x_wconf 85' lang='lat' dir='ltr'>experimenta</span> <span class='ocrx_word' id='word_1_110' title='bbox 1376 1157 1544 1197; x_wconf 87' lang='lat' dir='ltr'>instituit</span> <span class='ocrx_word' id='word_1_111' title='bbox 1585 1161 1625 1197; x_wconf 88' lang='lat' dir='ltr'>et</span> 
     </span>
     <span class='ocr_line' id='line_1_15' title="bbox 287 1233 1624 1289; baseline -0.004 -11"><span class='ocrx_word' id='word_1_112' title='bbox 287 1239 463 1278; x_wconf 84' lang='lat' dir='ltr'>calorem</span> <span class='ocrx_word' id='word_1_113' title='bbox 490 1238 531 1277; x_wconf 86' lang='lat' dir='ltr'>iu</span> <span class='ocrx_word' id='word_1_114' title='bbox 559 1237 844 1289; x_wconf 85' lang='lat' dir='ltr'>germinatione</span> <span class='ocrx_word' id='word_1_115' title='bbox 872 1250 922 1277; x_wconf 89' lang='lat' dir='ltr'>ex</span> <span class='ocrx_word' id='word_1_116' title='bbox 951 1249 1159 1288; x_wconf 85' lang='lat' dir='ltr'>oxygeneo</span> <span class='ocrx_word' id='word_1_117' title='bbox 1190 1235 1287 1275; x_wconf 91' lang='lat' dir='ltr'>oriri</span> <span class='ocrx_word' id='word_1_118' title='bbox 1317 1235 1456 1275; x_wconf 86' lang='lat' dir='ltr'>asserit</span> <span class='ocrx_word' id='word_1_119' title='bbox 1480 1233 1624 1284; x_wconf 84' lang='lat' dir='ltr'>(Bibl.</span> 
     </span>
     <span class='ocr_line' id='line_1_16' title="bbox 287 1311 1500 1365; baseline -0.005 -9"><span class='ocrx_word' id='word_1_120' title='bbox 287 1329 360 1356; x_wconf 88' lang='lat' dir='ltr'>un.</span> <span class='ocrx_word' id='word_1_121' title='bbox 388 1315 454 1356; x_wconf 87' lang='lat'>53.</span> <span class='ocrx_word' id='word_1_122' title='bbox 484 1314 577 1355; x_wconf 86' lang='grc'><strong>260.</strong></span> <span class='ocrx_word' id='word_1_123' title='bbox 634 1314 870 1365; x_wconf 85' lang='lat' dir='ltr'>Poggend.</span> <span class='ocrx_word' id='word_1_124' title='bbox 899 1313 1013 1354; x_wconf 87' lang='lat' dir='ltr'>Anu.</span> <span class='ocrx_word' id='word_1_125' title='bbox 1052 1314 1087 1352; x_wconf 94' lang='lat' dir='ltr'>d.</span> <span class='ocrx_word' id='word_1_126' title='bbox 1115 1313 1252 1364; x_wconf 86' lang='lat' dir='ltr'>Phys.</span> <span class='ocrx_word' id='word_1_127' title='bbox 1279 1311 1344 1352; x_wconf 78' lang='lat'>32.</span> <span class='ocrx_word' id='word_1_128' title='bbox 1374 1311 1500 1360; x_wconf 73' lang='grc' dir='ltr'>194.)Ι</span> 
     </span>
    </p>

    <p class='ocr_par' dir='ltr' id='par_1_8' title="bbox 284 1389 1623 1596">
     <span class='ocr_line' id='line_1_17' title="bbox 394 1389 1623 1442; baseline -0.003 -11"><span class='ocrx_word' id='word_1_129' title='bbox 394 1393 455 1431; x_wconf 90' lang='lat' dir='ltr'>De</span> <span class='ocrx_word' id='word_1_130' title='bbox 486 1391 750 1431; x_wconf 87' lang='lat' dir='ltr'>electricitatis</span> <span class='ocrx_word' id='word_1_131' title='bbox 779 1392 934 1431; x_wconf 90' lang='lat' dir='ltr'>actione</span> <span class='ocrx_word' id='word_1_132' title='bbox 960 1404 1098 1442; x_wconf 87' lang='lat' dir='ltr'>parum</span> <span class='ocrx_word' id='word_1_133' title='bbox 1127 1390 1283 1429; x_wconf 88' lang='lat' dir='ltr'>scimus.</span> <span class='ocrx_word' id='word_1_134' title='bbox 1340 1389 1540 1441; x_wconf 82' lang='lat' dir='ltr'>Quaedam</span> <span class='ocrx_word' id='word_1_135' title='bbox 1567 1390 1623 1427; x_wconf 79' lang='lat' dir='ltr'>at-</span> 
     </span>
     <span class='ocr_line' id='line_1_18' title="bbox 284 1463 1621 1521; baseline -0.004 -12"><span class='ocrx_word' id='word_1_136' title='bbox 284 1469 375 1509; x_wconf 86' lang='lat' dir='ltr'>tulit</span> <span class='ocrx_word' id='word_1_137' title='bbox 429 1468 795 1521; x_wconf 88' lang='lat' dir='ltr'>Beoquerelius</span> <span class='ocrx_word' id='word_1_138' title='bbox 851 1468 993 1519; x_wconf 90' lang='lat' dir='ltr'>(Ann.</span> <span class='ocrx_word' id='word_1_139' title='bbox 1040 1468 1075 1506; x_wconf 92' lang='lat' dir='ltr'>d.</span> <span class='ocrx_word' id='word_1_140' title='bbox 1120 1467 1265 1506; x_wconf 90' lang='lat' dir='ltr'>Chim.</span> <span class='ocrx_word' id='word_1_141' title='bbox 1310 1470 1355 1505; x_wconf 91' lang='lat' dir='ltr'>et</span> <span class='ocrx_word' id='word_1_142' title='bbox 1398 1465 1520 1505; x_wconf 89' lang='lat' dir='ltr'>Phis.</span> <span class='ocrx_word' id='word_1_143' title='bbox 1557 1463 1621 1504; x_wconf 82' lang='lat'>52.</span> 
     </span>
     <span class='ocr_line' id='line_1_19' title="bbox 284 1544 1187 1596; baseline -0.003 -10"><span class='ocrx_word' id='word_1_144' title='bbox 284 1545 401 1594; x_wconf 81' lang='lat'>260.)</span> <span class='ocrx_word' id='word_1_145' title='bbox 428 1550 511 1585; x_wconf 89' lang='lat' dir='ltr'>tum</span> <span class='ocrx_word' id='word_1_146' title='bbox 539 1546 813 1586; x_wconf 85' lang='lat' dir='ltr'>Matteucci</span> <span class='ocrx_word' id='word_1_147' title='bbox 841 1546 938 1596; x_wconf 90' lang='lat' dir='ltr'>(ibd.</span> <span class='ocrx_word' id='word_1_148' title='bbox 967 1544 1032 1584; x_wconf 85' lang='lat'>55.</span> <span class='ocrx_word' id='word_1_149' title='bbox 1062 1544 1187 1592; x_wconf 84' lang='lat'>310.).</span> 
     </span>
    </p>
   </div>
   <div class='ocr_carea' id='block_1_5' title="bbox 285 1626 1623 1870">
    <p class='ocr_par' dir='ltr' id='par_1_9' title="bbox 285 1626 1623 1870">
     <span class='ocr_line' id='line_1_20' title="bbox 285 1626 1620 1697; baseline -0.004 -18"><span class='ocrx_word' id='word_1_150' title='bbox 285 1633 393 1680; x_wconf 84' lang='lat'>145.</span> <span class='ocrx_word' id='word_1_151' title='bbox 459 1633 517 1680; x_wconf 89' lang='lat' dir='ltr'>In</span> <span class='ocrx_word' id='word_1_152' title='bbox 553 1634 605 1679; x_wconf 88' lang='lat' dir='ltr'><strong><em>M</em></strong></span> <span class='ocrx_word' id='word_1_153' title='bbox 620 1630 1050 1697; x_wconf 71' lang='lat' dir='ltr'>esophytorum</span> <span class='ocrx_word' id='word_1_154' title='bbox 1093 1636 1139 1678; x_wconf 86' lang='lat' dir='ltr'>et</span> <span class='ocrx_word' id='word_1_155' title='bbox 1175 1626 1620 1695; x_wconf 75' lang='lat' dir='ltr'>Cryptophyto-</span> 
     </span>
     <span class='ocr_line' id='line_1_21' title="bbox 475 1716 1621 1783; baseline -0.003 -17"><span class='ocrx_word' id='word_1_156' title='bbox 475 1735 503 1766; x_wconf 89' lang='lat'>1·</span> <span class='ocrx_word' id='word_1_157' title='bbox 513 1737 544 1765; x_wconf 92' lang='lat' dir='ltr'>u</span> <span class='ocrx_word' id='word_1_158' title='bbox 557 1737 603 1766; x_wconf 92' lang='lat' dir='ltr'>m</span> <span class='ocrx_word' id='word_1_159' title='bbox 634 1716 897 1766; x_wconf 87' lang='lat' dir='ltr'>seminibus</span> <span class='ocrx_word' id='word_1_160' title='bbox 924 1717 1122 1783; x_wconf 76' lang='lat' dir='ltr'>embryo</span> <span class='ocrx_word' id='word_1_161' title='bbox 1144 1735 1243 1764; x_wconf 92' lang='lat' dir='ltr'>non</span> <span class='ocrx_word' id='word_1_162' title='bbox 1278 1716 1594 1780; x_wconf 81' lang='lat' dir='ltr'>distinguitur</span> <span class='ocrx_word' id='word_1_163' title='bbox 1607 1733 1621 1777; x_wconf 81' lang='lat'><em>3</em></span> 
     </span>
     <span class='ocr_line' id='line_1_22' title="bbox 478 1803 1623 1870; baseline -0.003 -16"><span class='ocrx_word' id='word_1_164' title='bbox 478 1809 758 1870; x_wconf 81' lang='lat' dir='ltr'>germinant</span> <span class='ocrx_word' id='word_1_165' title='bbox 791 1809 974 1853; x_wconf 85' lang='lat' dir='ltr'>semina</span> <span class='ocrx_word' id='word_1_166' title='bbox 1013 1803 1340 1869; x_wconf 84' lang='lat' dir='ltr'>explicatione</span> <span class='ocrx_word' id='word_1_167' title='bbox 1378 1808 1623 1851; x_wconf 85' lang='lat' dir='ltr'>universa.</span> 
     </span>
    </p>
   </div>
   <div class='ocr_carea' id='block_1_6' title="bbox 286 1893 1626 2098">
    <p class='ocr_par' dir='ltr' id='par_1_10' title="bbox 286 1893 1626 2098">
     <span class='ocr_line' id='line_1_23' title="bbox 389 1893 1624 1948; baseline -0.002 -14"><span class='ocrx_word' id='word_1_168' title='bbox 389 1895 685 1946; x_wconf 86' lang='lat' dir='ltr'>Acotyledones</span> <span class='ocrx_word' id='word_1_169' title='bbox 724 1899 916 1935; x_wconf 83' lang='lat' dir='ltr'>vocantur</span> <span class='ocrx_word' id='word_1_170' title='bbox 956 1895 1110 1947; x_wconf 89' lang='lat' dir='ltr'>plantae</span> <span class='ocrx_word' id='word_1_171' title='bbox 1149 1894 1242 1948; x_wconf 90' lang='lat' dir='ltr'>quia</span> <span class='ocrx_word' id='word_1_172' title='bbox 1283 1893 1446 1945; x_wconf 84' lang='lat' dir='ltr'>embryo</span> <span class='ocrx_word' id='word_1_173' title='bbox 1484 1894 1526 1933; x_wconf 91' lang='lat' dir='ltr'>in</span> <span class='ocrx_word' id='word_1_174' title='bbox 1561 1906 1624 1933; x_wconf 83' lang='lat' dir='ltr'>se-</span> 
     </span>
     <span class='ocr_line' id='line_1_24' title="bbox 286 1972 790 2023; baseline -0.004 -10"><span class='ocrx_word' id='word_1_175' title='bbox 286 1973 393 2013; x_wconf 87' lang='lat' dir='ltr'>mine</span> <span class='ocrx_word' id='word_1_176' title='bbox 420 1985 502 2011; x_wconf 91' lang='lat' dir='ltr'>non</span> <span class='ocrx_word' id='word_1_177' title='bbox 531 1972 790 2023; x_wconf 88' lang='lat' dir='ltr'>distinguitur.</span> 
     </span>
     <span class='ocr_line' id='line_1_25' title="bbox 394 2046 1626 2098; baseline -0.002 -10"><span class='ocrx_word' id='word_1_178' title='bbox 394 2050 495 2088; x_wconf 90' lang='lat' dir='ltr'>Cum</span> <span class='ocrx_word' id='word_1_179' title='bbox 530 2062 663 2089; x_wconf 88' lang='lat' dir='ltr'>semen</span> <span class='ocrx_word' id='word_1_180' title='bbox 699 2062 781 2088; x_wconf 92' lang='lat' dir='ltr'>non</span> <span class='ocrx_word' id='word_1_181' title='bbox 815 2052 1015 2098; x_wconf 82' lang='lat' dir='ltr'>nascatur,</span> <span class='ocrx_word' id='word_1_182' title='bbox 1061 2050 1138 2089; x_wconf 88' lang='lat' dir='ltr'>nisi</span> <span class='ocrx_word' id='word_1_183' title='bbox 1179 2048 1341 2089; x_wconf 88' lang='lat' dir='ltr'>ovulum</span> <span class='ocrx_word' id='word_1_184' title='bbox 1376 2046 1626 2086; x_wconf 90' lang='lat' dir='ltr'>fecundatum</span> 
     </span>
    </p>
   </div>
   <div class='ocr_carea' id='block_1_7' title="bbox 283 2122 1679 2178">
    <p class='ocr_par' dir='ltr' id='par_1_11' title="bbox 283 2122 1679 2178">
     <span class='ocr_line' id='line_1_26' title="bbox 283 2122 1679 2178; baseline -0.003 -13"><span class='ocrx_word' id='word_1_185' title='bbox 283 2126 418 2175; x_wconf 81' lang='lat' dir='ltr'>fuerit,</span> <span class='ocrx_word' id='word_1_186' title='bbox 455 2126 605 2165; x_wconf 87' lang='lat' dir='ltr'>semina</span> <span class='ocrx_word' id='word_1_187' title='bbox 633 2126 967 2177; x_wconf 84' lang='lat' dir='ltr'>Mesophytorum</span> <span class='ocrx_word' id='word_1_188' title='bbox 1004 2131 1042 2166; x_wconf 88' lang='lat' dir='ltr'>et</span> <span class='ocrx_word' id='word_1_189' title='bbox 1071 2127 1435 2178; x_wconf 86' lang='lat' dir='ltr'>Cryptophytorum</span> <span class='ocrx_word' id='word_1_190' title='bbox 1463 2124 1512 2163; x_wconf 88' lang='lat' dir='ltr'>de</span> <span class='ocrx_word' id='word_1_191' title='bbox 1540 2122 1643 2175; x_wconf 73' lang='lat' dir='ltr'>qui-&#39;</span> <span class='ocrx_word' id='word_1_192' title='bbox 1678 2139 1679 2160; x_wconf 81' lang='lat'>1</span> 
     </span>
    </p>
   </div>
   <div class='ocr_carea' id='block_1_8' title="bbox 281 2203 1655 2255">
    <p class='ocr_par' dir='ltr' id='par_1_12' title="bbox 281 2203 1655 2255">
     <span class='ocr_line' id='line_1_27' title="bbox 281 2203 1655 2255; baseline -0.001 -14"><span class='ocrx_word' id='word_1_193' title='bbox 281 2203 356 2242; x_wconf 88' lang='lat' dir='ltr'>bus</span> <span class='ocrx_word' id='word_1_194' title='bbox 385 2203 436 2241; x_wconf 91' lang='lat' dir='ltr'>ob</span> <span class='ocrx_word' id='word_1_195' title='bbox 466 2203 664 2242; x_wconf 84' lang='lat' dir='ltr'>defectum</span> <span class='ocrx_word' id='word_1_196' title='bbox 691 2203 941 2243; x_wconf 84' lang='lat' dir='ltr'>antherarum</span> <span class='ocrx_word' id='word_1_197' title='bbox 976 2208 1015 2243; x_wconf 89' lang='lat' dir='ltr'>et</span> <span class='ocrx_word' id='word_1_198' title='bbox 1042 2204 1203 2255; x_wconf 87' lang='lat' dir='ltr'>pollinis</span> <span class='ocrx_word' id='word_1_199' title='bbox 1237 2216 1320 2243; x_wconf 88' lang='lat' dir='ltr'>non</span> <span class='ocrx_word' id='word_1_200' title='bbox 1348 2204 1503 2241; x_wconf 87' lang='lat' dir='ltr'>constat</span> <span class='ocrx_word' id='word_1_201' title='bbox 1530 2213 1624 2239; x_wconf 91' lang='lat' dir='ltr'>num</span> <span class='ocrx_word' id='word_1_202' title='bbox 1650 2208 1655 2227; x_wconf 65' lang='lat'><strong>³</strong></span> 
     </span>
    </p>
   </div>
   <div class='ocr_carea' id='block_1_9' title="bbox 283 2276 1625 2411">
    <p class='ocr_par' dir='ltr' id='par_1_13' title="bbox 283 2276 1625 2411">
     <span class='ocr_line' id='line_1_28' title="bbox 283 2276 1625 2332; baseline -0.003 -13"><span class='ocrx_word' id='word_1_203' title='bbox 283 2279 493 2319; x_wconf 85' lang='lat' dir='ltr'>fecundata</span> <span class='ocrx_word' id='word_1_204' title='bbox 520 2280 666 2319; x_wconf 86' lang='lat' dir='ltr'>fuerint</span> <span class='ocrx_word' id='word_1_205' title='bbox 701 2293 776 2319; x_wconf 88' lang='lat' dir='ltr'>nec</span> <span class='ocrx_word' id='word_1_206' title='bbox 803 2293 870 2330; x_wconf 87' lang='lat' dir='ltr'>ne,</span> <span class='ocrx_word' id='word_1_207' title='bbox 913 2292 965 2332; x_wconf 88' lang='lat' dir='ltr'>sp</span> <span class='ocrx_word' id='word_1_208' title='bbox 977 2294 1000 2320; x_wconf 87' lang='grc' dir='ltr'><strong>ο</strong></span> <span class='ocrx_word' id='word_1_209' title='bbox 1010 2294 1030 2319; x_wconf 92' lang='lat' dir='ltr'>r</span> <span class='ocrx_word' id='word_1_210' title='bbox 1039 2294 1062 2320; x_wconf 89' lang='lat' dir='ltr'>a</span> <span class='ocrx_word' id='word_1_211' title='bbox 1072 2293 1091 2320; x_wconf 90' lang='lat' dir='ltr'>s</span> <span class='ocrx_word' id='word_1_212' title='bbox 1126 2281 1303 2320; x_wconf 83' lang='lat' dir='ltr'>dixerim.</span> <span class='ocrx_word' id='word_1_213' title='bbox 1357 2276 1625 2329; x_wconf 85' lang='lat' dir='ltr'>Pericarpium</span> 
     </span>
     <span class='ocr_line' id='line_1_29' title="bbox 284 2355 1624 2411; baseline -0.001 -17"><span class='ocrx_word' id='word_1_214' title='bbox 284 2368 498 2411; x_wconf 56' lang='lat' dir='ltr'>sporarum⁴</span> <span class='ocrx_word' id='word_1_215' title='bbox 527 2368 545 2394; x_wconf 91' lang='lat' dir='ltr'>s</span> <span class='ocrx_word' id='word_1_216' title='bbox 555 2369 580 2407; x_wconf 88' lang='lat' dir='ltr'>p</span> <span class='ocrx_word' id='word_1_217' title='bbox 592 2369 615 2395; x_wconf 95' lang='lat'>0</span> <span class='ocrx_word' id='word_1_218' title='bbox 625 2369 646 2394; x_wconf 89' lang='lat' dir='ltr'>r</span> <span class='ocrx_word' id='word_1_219' title='bbox 654 2369 709 2397; x_wconf 87' lang='lat' dir='ltr'>an</span> <span class='ocrx_word' id='word_1_220' title='bbox 718 2369 743 2408; x_wconf 87' lang='lat' dir='ltr'>g</span> <span class='ocrx_word' id='word_1_221' title='bbox 752 2357 764 2395; x_wconf 91' lang='lat' dir='ltr'>i</span> <span class='ocrx_word' id='word_1_222' title='bbox 773 2371 799 2396; x_wconf 93' lang='lat' dir='ltr'>u</span> <span class='ocrx_word' id='word_1_223' title='bbox 808 2370 845 2395; x_wconf 90' lang='lat' dir='ltr'>m</span> <span class='ocrx_word' id='word_1_224' title='bbox 888 2357 972 2397; x_wconf 88' lang='lat' dir='ltr'>erit.</span> <span class='ocrx_word' id='word_1_225' title='bbox 1034 2357 1281 2410; x_wconf 86' lang='lat' dir='ltr'>Compositio</span> <span class='ocrx_word' id='word_1_226' title='bbox 1325 2355 1624 2407; x_wconf 83' lang='lat' dir='ltr'>sporangiorum</span> 
     </span>
    </p>
   </div>
   <div class='ocr_carea' id='block_1_10' title="bbox 283 2427 1651 2487">
    <p class='ocr_par' dir='ltr' id='par_1_14' title="bbox 283 2427 1651 2487">
     <span class='ocr_line' id='line_1_30' title="bbox 283 2427 1651 2487; baseline -0.002 -15"><span class='ocrx_word' id='word_1_227' title='bbox 283 2445 356 2472; x_wconf 88' lang='lat' dir='ltr'>Seu</span> <span class='ocrx_word' id='word_1_228' title='bbox 408 2433 663 2484; x_wconf 84' lang='lat' dir='ltr'>sporangium</span> <span class='ocrx_word' id='word_1_229' title='bbox 711 2434 975 2486; x_wconf 84' lang='lat' dir='ltr'>compositum</span> <span class='ocrx_word' id='word_1_230' title='bbox 1025 2447 1077 2487; x_wconf 87' lang='lat' dir='ltr'>sp</span> <span class='ocrx_word' id='word_1_231' title='bbox 1089 2448 1113 2475; x_wconf 91' lang='lat' dir='ltr'>o</span> <span class='ocrx_word' id='word_1_232' title='bbox 1123 2448 1144 2474; x_wconf 88' lang='lat' dir='ltr'>r</span> <span class='ocrx_word' id='word_1_233' title='bbox 1153 2448 1177 2474; x_wconf 92' lang='lat'>0</span> <span class='ocrx_word' id='word_1_234' title='bbox 1189 2448 1210 2473; x_wconf 96' lang='lat' dir='ltr'>c</span> <span class='ocrx_word' id='word_1_235' title='bbox 1220 2447 1271 2473; x_wconf 88' lang='lat' dir='ltr'>ar</span> <span class='ocrx_word' id='word_1_236' title='bbox 1277 2447 1303 2485; x_wconf 91' lang='lat' dir='ltr'>p</span> <span class='ocrx_word' id='word_1_237' title='bbox 1312 2433 1324 2471; x_wconf 95' lang='lat' dir='ltr'>i</span> <span class='ocrx_word' id='word_1_238' title='bbox 1333 2446 1406 2471; x_wconf 93' lang='lat' dir='ltr'>um</span> <span class='ocrx_word' id='word_1_239' title='bbox 1458 2432 1622 2470; x_wconf 88' lang='lat' dir='ltr'>dicatur.</span> <span class='ocrx_word' id='word_1_240' title='bbox 1650 2427 1651 2430; x_wconf 54' lang='lat'>&#39;</span> 
     </span>
    </p>
   </div>
   <div class='ocr_carea' id='block_1_11' title="bbox 285 2507 1677 2565">
    <p class='ocr_par' dir='ltr' id='par_1_15' title="bbox 285 2507 1677 2565">
     <span class='ocr_line' id='line_1_31' title="bbox 285 2507 1677 2565; baseline -0.002 -17"><span class='ocrx_word' id='word_1_241' title='bbox 285 2509 485 2562; x_wconf 86' lang='lat' dir='ltr'>Expansio</span> <span class='ocrx_word' id='word_1_242' title='bbox 511 2510 621 2549; x_wconf 88' lang='lat' dir='ltr'>thalli</span> <span class='ocrx_word' id='word_1_243' title='bbox 654 2515 720 2550; x_wconf 85' lang='lat' dir='ltr'>aut</span> <span class='ocrx_word' id='word_1_244' title='bbox 746 2511 960 2563; x_wconf 87' lang='lat' dir='ltr'>pedunculi</span> <span class='ocrx_word' id='word_1_245' title='bbox 988 2525 1088 2564; x_wconf 86' lang='lat' dir='ltr'>quae</span> <span class='ocrx_word' id='word_1_246' title='bbox 1116 2509 1326 2565; x_wconf 85' lang='lat' dir='ltr'>sporangia</span> <span class='ocrx_word' id='word_1_247' title='bbox 1354 2507 1524 2548; x_wconf 83' lang='lat' dir='ltr'>sustinet</span> <span class='ocrx_word' id='word_1_248' title='bbox 1560 2508 1626 2546; x_wconf 84' lang='lat' dir='ltr'>aut</span> <span class='ocrx_word' id='word_1_249' title='bbox 1675 2520 1677 2546; x_wconf 88' lang='grc'>;</span> 
     </span>
    </p>
   </div>
   <div class='ocr_carea' id='block_1_12' title="bbox 282 2585 1078 2639">
    <p class='ocr_par' dir='ltr' id='par_1_16' title="bbox 282 2585 1078 2639">
     <span class='ocr_line' id='line_1_32' title="bbox 282 2585 1078 2639; baseline 0 -13"><span class='ocrx_word' id='word_1_250' title='bbox 282 2585 446 2627; x_wconf 90' lang='lat' dir='ltr'>includit</span> <span class='ocrx_word' id='word_1_251' title='bbox 481 2597 566 2639; x_wconf 82' lang='lat' dir='ltr'>spo</span> <span class='ocrx_word' id='word_1_252' title='bbox 579 2586 654 2627; x_wconf 89' lang='lat' dir='ltr'>rid</span> <span class='ocrx_word' id='word_1_253' title='bbox 668 2587 825 2628; x_wconf 88' lang='lat' dir='ltr'>o-chiu</span> <span class='ocrx_word' id='word_1_254' title='bbox 835 2601 874 2628; x_wconf 86' lang='lat' dir='ltr'>m</span> <span class='ocrx_word' id='word_1_255' title='bbox 902 2587 1078 2628; x_wconf 87' lang='lat' dir='ltr'>dixerim.</span> 
     </span>
    </p>
   </div>
  </div>
 </body>
</html>
