1682 2938
892 139 974 181 190

372 250 519 289 Forma
545 247 800 301 granulorum
837 250 998 302 pollinis
1026 251 1136 290 varia
1163 255 1239 301 est,
1278 253 1348 291 sed
1380 253 1604 303 nuperrime
1675 302 1676 305 Ἴ

263 342 286 366 a
315 328 439 367 tribus
466 326 708 366 Auctoribus
737 332 920 367 accurate
948 328 1196 380 investigata,
1232 330 1401 380 primum
1437 330 1485 368 ab
1522 329 1603 369 Ad.
1676 343 1682 382 J

263 405 601 456 Brongniarto
629 403 825 454 (Annal.
855 405 891 444 d.
923 406 1104 445 scienc.
1135 410 1225 445 nat.
1256 406 1318 446 12.
1347 407 1441 456 20.)
1471 410 1554 446 tum
1583 419 1605 445 a
1676 452 1678 457 ¹

260 481 399 522 Julio
426 481 653 520 Fritsche
681 481 942 533 (Beitr'age
972 495 1058 521 zur
1088 483 1361 522 Kenutniss
1392 484 1472 522 des
1503 459 1606 521 [jo-l·
1680 491 1682 536 j

261 559 355 598 len.
393 559 593 598 Erst.nft.
630 558 736 598 Berl.
769 557 887 599 1832.
916 557 977 607 4.)
1005 560 1162 598 tandem
1180 560 1444 611 abHugone
1468 561 1606 599 Mohl

260 636 435 687 (Beitr.
466 649 500 675 z.
532 636 664 676 Anat.
691 649 728 675 u.
760 636 978 686 Physiol.
1009 637 1044 676 d.
1076 636 1356 676 Gew'achse.
1402 638 1602 677 Erst.Hft.

259 714 383 753 iiber
408 714 499 752 den
526 713 626 752 Bau
653 726 691 752 u.
721 713 756 752 d.
779 714 989 753 Formen
1018 715 1054 753 d.
1083 714 1456 755 Pollenkorner.
1484 716 1603 755 Bern.

262 789 382 830 1834.
410 789 490 840 4.),
521 803 621 842 quos
649 790 808 830 ultimos
837 791 1067 842 praesertim
1095 794 1273 830 secutum
1302 805 1407 838 sum;
1436 792 1476 831 in
1506 806 1604 844 quo—

260 880 348 906 rum
377 867 563 919 operibus
592 879 751 919 quoque
779 867 971 916 invenies,
1007 881 1107 920 quae
1137 874 1254 908 antea
1279 869 1352 908 hac
1381 870 1429 909 de
1456 882 1500 908 re
1528 873 1606 909 tra-

261 945 341 984 dita
368 945 492 983 fuere.

369 1036 547 1089 Quodvis
575 1037 782 1088 granulum
808 1037 1043 1089 plerumque
1071 1049 1093 1076 e
1122 1037 1269 1088 duplici
1306 1042 1458 1078 constat
1485 1052 1606 1078 mem-

260 1115 393 1162 brana,
423 1113 622 1153 exteriore
650 1118 690 1153 et
718 1114 923 1162 interiore,
965 1126 1061 1166 quas
1087 1114 1236 1165 primus
1265 1115 1440 1155 distinxit
1467 1116 1607 1156 Koel-

262 1195 506 1231 reuterus,
574 1191 763 1231 Exterior
806 1191 1003 1231 interdum
1037 1203 1059 1230 e
1099 1190 1251 1231 cellulis
1290 1193 1507 1244 composita
1547 1197 1608 1232 est

261 1267 498 1316 manifestis,
550 1269 785 1320 praesertim
819 1270 860 1308 in
903 1268 1203 1319 Monocotyleis
1245 1269 1430 1309 facillime
1473 1270 1610 1321 digno—

262 1345 420 1385 scendis
450 1358 484 1384 e.
513 1357 549 1396 g.
582 1345 682 1385 Lilio
717 1345 956 1397 pomponio;
1002 1358 1122 1396 saepe
1155 1359 1252 1386 vero
1282 1347 1474 1387 cellulosa
1502 1361 1609 1387 com-

261 1435 382 1475 pages
415 1435 465 1462 ne
502 1422 781 1474 microscopiis
818 1422 978 1475 quidem
1012 1423 1129 1462 valde
1164 1424 1397 1474 augentibus
1436 1424 1476 1464 in
1513 1437 1609 1464 con-

262 1504 443 1552 spectum
478 1499 621 1550 prodit.
685 1499 794 1539 Intra
831 1500 994 1540 cellulas
1023 1501 1142 1540 hasce
1178 1501 1428 1540 reconditum
1452 1501 1610 1549 videtur
1680 1527 1682 1533 ¹

263 1577 406 1625 oleum,
436 1576 544 1629 quod
573 1576 613 1615 in
638 1590 749 1629 aqua,
778 1591 856 1629 qua
884 1578 1086 1629 irrigatum
1108 1578 1168 1617 uit
1201 1578 1410 1630 granulum
1436 1579 1610 1630 pollinis,

262 1653 463 1705 colligitur
503 1657 543 1693 et
577 1653 654 1704 ipsi
689 1658 936 1705 supernatat,
977 1654 1164 1694 Mohlio
1193 1668 1351 1707 quoque
1378 1655 1608 1694 affirmante.

262 1732 397 1771 Hocce
427 1730 560 1770 oleum
589 1731 672 1769 fere
701 1743 857 1782 semper
884 1732 1013 1779 adest,
1057 1735 1112 1780 et,
1149 1731 1184 1770 si
1210 1732 1343 1772 nullae
1373 1732 1540 1771 cellulae
1569 1732 1610 1771 in

263 1809 493 1848 membrana
521 1807 721 1847 exteriore
753 1807 1064 1860 conspiciuntur.

372 1907 475 1947 Sunt
490 1920 648 1959 quoque
668 1907 842 1958 granula,
870 1907 911 1946 in
940 1907 1081 1960 quibus
1100 1919 1179 1945 una
1206 1910 1356 1946 tantum
1384 1906 1610 1946 membrana

263 1986 403 2024 adesse
426 1984 594 2033 videtur,
625 1998 656 2024 e.
675 1997 710 2036 g.
741 1985 781 2023 in
802 1984 1074 2036 Asclepiadeis
1102 1984 1232 2033 variis,
1262 1988 1353 2023 sunt
1382 1997 1540 2036 quoque
1569 1984 1610 2023 in

263 2062 403 2114 quibus
446 2065 527 2100 tres
568 2062 861 2113 distinguuntur
907 2075 939 2102 e.
980 2075 1015 2113 g.
1058 2062 1098 2101 in
1127 2061 1324 2101 Coniferis
1366 2061 1609 2113 quibusdam,

262 2138 452 2177 Mohlio
481 2138 651 2190 primum
680 2140 926 2181 observante.

373 2231 549 2271 Externa
577 2233 808 2283 superficies
843 2246 960 2284 saepe
988 2231 1163 2284 granulis
1193 2231 1320 2270 obsita
1352 2234 1410 2269 est
1437 2229 1610 2279 minutis,

266 2322 366 2362 quae
394 2309 616 2348 Mohlius
644 2322 718 2360 pro
747 2310 878 2360 parvis
907 2310 1023 2348 habet
1052 2308 1224 2357 cellulis,
1267 2309 1315 2346 de
1353 2320 1430 2359 qua
1465 2320 1510 2346 re
1540 2307 1611 2346 du-

264 2386 358 2425 bito.
414 2385 516 2424 Tum
543 2385 635 2436 pilis
662 2386 823 2426 minutis
852 2387 980 2426 obsita
1006 2390 1097 2425 sunt
1131 2384 1380 2436 (Scabiosa),
1420 2389 1487 2423 aut
1521 2397 1612 2423 acu-

264 2462 380 2503 leolis
407 2461 538 2514 parvis
564 2463 702 2512 (Cerei
728 2464 884 2516 plures)
912 2468 980 2504 aut
1006 2462 1240 2514 majoribus,
1284 2461 1351 2513 qui
1378 2460 1610 2511 praesertim

264 2540 304 2579 in
322 2539 539 2579 Malvaceis
556 2539 597 2578 in
613 2545 870 2592 conspectum
887 2542 1096 2593 prodeunt.
1139 2540 1184 2578 In
1205 2538 1265 2578 his
1291 2550 1449 2591 quoque
1477 2537 1610 2577 oleum

265 2617 371 2657 istud
400 2629 450 2657 ex
478 2616 669 2656 aculeolis
697 2618 859 2668 prodire
888 2618 1003 2657 facile
1029 2616 1280 2668 conspicitur,
1309 2616 1343 2656 si
1371 2627 1494 2667 aquae
1523 2626 1610 2665 gra-
