1682 2938
918 131 971 173 74

272 238 450 289 pluribus
486 239 599 279 zonis
634 240 777 280 florere
813 241 1016 293 incipiunt.
1072 242 1175 282 Illud
1203 256 1252 282 ex
1280 244 1451 284 umbella
1478 250 1608 285 ortum

272 320 341 364 est,
369 316 445 355 hoc
472 328 569 356 vero
599 329 620 355 e
648 316 784 367 thyrso
813 319 1045 358 coadunato.
1103 320 1362 360 Galathidium
1390 321 1430 360 in
1459 322 1609 374 Synge-

150 388 156 390 ’
186 390 216 406 ”·
272 392 377 432 nesis
419 404 574 444 semper
615 393 781 445 simplex
823 400 900 444 est,
939 395 979 434 in
1007 395 1212 447 Dipsaceis
1248 397 1412 437 subinde
1450 411 1610 450 compo·
1664 431 1668 436 .

271 468 399 509 situm.

378 546 638 586 Calathidium
667 548 835 599 eleganti
862 549 1021 588 nomine
1048 549 1197 601 primus
1220 549 1318 589 dixit
1334 550 1610 601 Mirbelius‚

270 623 530 663 Cassinius
558 638 703 665 nomen
733 626 945 677 adoptavit.
1003 626 1156 678 Vulgus
1185 640 1329 666 vocare
1349 627 1488 666 florem
1504 640 1610 667 com-

267 699 438 750 positum
464 700 575 741 hicce
604 706 742 741 auctor
769 707 829 742 est
856 704 1122 754 (Opuscul.
1151 702 1186 743 1.
1216 703 1353 752 239.),
1390 717 1464 743 nec
1491 705 1611 743 Bota-

268 775 381 816 nicos
408 777 557 817 liberos
586 791 673 818 esse
702 778 750 818 ab
778 792 853 818 usn
880 780 1069 832 loquendi
1084 780 1268 830 pessimo.
1306 780 1497 832 Equidem
1524 780 1611 820 vul-

267 866 340 905 gus
382 854 588 894 meliorem
630 855 894 907 cognitionem
933 856 981 895 de
1017 855 1150 895 indole
1186 855 1382 895 calathidii
1416 857 1610 905 habuisse,

268 943 385 982 quam
413 931 634 971 Cassinium
662 936 779 983 puto,
822 945 913 971 nam
949 932 1056 984 quod
1092 937 1210 972 nocte
1249 945 1368 985 saepe
1404 933 1611 983 clauditur,

268 1006 336 1046 diu
364 1008 557 1059 aperitur,
589 1008 638 1047 ad
666 1012 846 1047 naturam
874 1009 983 1048 floris
1011 1009 1133 1060 magis
1162 1010 1332 1059 accedit,
1361 1023 1478 1062 quam
1506 1010 1611 1062 thyr—

268 1084 388 1133 sodii,
417 1084 458 1122 in
486 1097 566 1136 quo
594 1084 790 1134 ejusmodi
817 1085 979 1124 mutatio
1006 1098 1218 1137 numquam
1247 1086 1579 1126 animadvertitur.

375 1160 490 1200 Voce
532 1161 707 1200 anthodii
742 1161 1015 1200 Ehrhartus
1053 1161 1202 1211 primus
1237 1174 1331 1201 usus
1371 1168 1430 1203 est
1469 1164 1510 1202 in
1545 1164 1610 1202 de-

266 1237 481 1289 scriptione
516 1237 626 1277 floris
665 1237 875 1289 compositi
909 1237 1200 1288 Tussilaginum
1245 1239 1423 1288 (Beitr.
1462 1253 1495 1279 z,
1523 1240 1611 1279 Na—
1663 1273 1674 1281 .

267 1315 391 1354 turk.
419 1314 457 1354 3.
486 1312 585 1365 64.)
641 1314 703 1354 Ad
730 1315 906 1366 calycem
935 1326 1182 1353 communem
1210 1327 1292 1354 non
1319 1315 1421 1355 bene
1449 1317 1609 1356 restrin-

268 1391 326 1430 xit
361 1390 770 1440 Willdenowius‚
816 1391 950 1430 forsan
982 1390 1097 1442 lapsu
1134 1392 1348 1432 memoriae
1387 1392 1608 1441 (Grundl.

267 1469 303 1509 d.
331 1468 589 1508 Kr'auterk.
620 1466 745 1518 142).
802 1467 1031 1506 Tei-minum
1060 1468 1285 1519 generalem
1313 1468 1500 1520 quaesivi.

375 1544 776 1597 Hypanthodium
813 1544 942 1584 oritur
977 1557 1028 1584 ex
1062 1544 1275 1595 hypanthio
1311 1545 1494 1594 dilatato,
1537 1558 1609 1584 seu

266 1622 488 1675 hypanthiis
518 1621 686 1672 coalitis,
713 1621 833 1660 flores
862 1621 974 1673 gerit,
1001 1621 1199 1660 interdum
1228 1634 1399 1673 superne
1428 1622 1612 1662 connivet

267 1704 307 1740 et
340 1700 382 1739 in
409 1701 581 1740 fructum
609 1698 697 1737 abit.
756 1697 898 1738 Differt
932 1699 980 1738 ab
1009 1698 1215 1747 anthodio,
1263 1699 1371 1750 quod
1397 1699 1474 1738 hoc
1501 1699 1612 1738 invo-

267 1777 382 1816 lucro
412 1789 483 1816 seu
512 1774 767 1827 pericalathio
797 1775 966 1814 cinctum
995 1775 1046 1814 sit
1072 1775 1168 1825 (nisi
1197 1774 1382 1824 deficiat),
1409 1776 1485 1815 hoc
1513 1789 1610 1816 vero

266 1853 437 1893 minime.
494 1851 737 1892 Anthodium
766 1851 895 1891 oritur
922 1865 943 1891 e
971 1851 1232 1903 receptaculis
1262 1851 1436 1900 coalitis,
1463 1853 1610 1903 hypan-

268 1931 445 1971 thodium
480 1942 577 1969 vero
613 1942 635 1969 e
670 1929 895 1981 hypanthiis
927 1927 1093 1969 coalitis.
1164 1928 1350 1967 Occurrit
1377 1928 1417 1967 in
1445 1929 1544 1968 Ficu
1572 1933 1611 1968 et

267 2007 490 2047 Dorstenia,

375 2084 440 2123 An
473 2084 550 2123 huc
588 2095 747 2135 quoque
784 2083 1033 2122 referendum
1069 2082 1364 2133 receptaculum
1402 2094 1611 2121 carnosum

267 2160 481 2200 Anacardii
508 2160 788 2200 occidentalis?

375 2237 634 2288 Cyathium
653 2235 968 2288 Euphorbiarum
995 2234 1111 2287 hujus
1139 2234 1274 2287 ntique
1301 2234 1382 2274 loci
1410 2239 1479 2283 cst,
1507 2235 1530 2273 J
1540 2247 1610 2273 us-
1676 2265 1681 2271 .

269 2315 415 2355 sieuo
444 2313 587 2364 (Gen.
617 2313 699 2366 pl.)
726 2317 765 2353 et
795 2311 1092 2352 R.Brownio
1120 2312 1306 2362 (Verm.
1336 2310 1468 2350 Schr.
1487 2310 1524 2350 1.
1543 2311 1607 2351 56.

268 2391 309 2431 2.
344 2389 460 2440 534.)
505 2391 652 2441 optime
692 2389 1010 2441 agnoscentibus.
1080 2390 1125 2428 In
1166 2388 1392 2440 Euphorbia
1434 2388 1608 2439 fulgente

268 2469 370 2508 bene
397 2449 639 2518 conspicitur
666 2471 874 2507 structura.
916 2465 1170 2506 Involucrum
1199 2461 1471 2518 calyciforme‚
1498 2464 1610 2517 quin-

271 2545 488 2598 quefidum,
530 2542 682 2582 laciniis
719 2544 888 2583 dilatatis
917 2543 1088 2595 quinque
1122 2541 1351 2594 (puniceis).
1415 2542 1523 2580 Pone
1551 2540 1606 2579 la—

272 2621 415 2662 ciniam
444 2620 639 2672 singulam
666 2620 762 2660 latet
789 2633 951 2672 squama
979 2632 1164 2668 carnosa,
1193 2631 1378 2666 concava,
1405 2618 1504 2657 alba.
1547 2618 1607 2656 In-
