1682 2938
901 121 986 164 3⁰8

386 227 505 282 Piper
539 243 698 285 quoque
724 231 802 271 huc
828 233 1016 284 pertinet,
1059 232 1257 273 funiculus
1292 234 1542 274 brevissimus
1577 236 1616 276 in

279 311 387 347 terra
425 308 673 347 caudiculum
710 309 851 349 emittit
885 310 983 349 duas
1017 310 1225 361 proferens
1261 311 1535 362 cotyledones,
1578 317 1617 352 et

277 383 513 435 gemmulam
538 385 639 424 inter
666 385 782 436 ipsas.
839 386 910 425 Est
938 387 1067 438 itaque
1090 399 1228 426 revera
1243 387 1472 427 intermedia
1486 388 1617 440 planta

277 461 380 501 inter
405 461 795 512 Monocotyledones
823 466 864 503 et
891 462 1214 514 DicotyledoneS.

383 571 429 609 In
458 570 619 623 reliquis
655 570 835 610 omnibus
871 571 978 611 hisce
1014 571 1293 622 embryonibus
1330 573 1438 611 nulla
1466 574 1615 625 cotyle-

274 646 388 686 donis
414 646 577 698 vestigia
604 652 806 699 apparent.
862 647 1044 700 Plerique
1063 648 1245 687 Botanici
1269 649 1520 690 crediderunt
1549 664 1615 690 co-

273 724 500 775 tyledonem
529 737 616 763 esse
644 723 988 775 prolongationem
1022 725 1187 763 funiculi
1214 725 1407 764 radiculas
1441 740 1614 777 gemmu-

272 799 429 852 lamque
458 801 709 839 emittentem.
765 799 847 839 Sed
873 800 1133 850 neglexerunt
1160 805 1388 851 anatomen,
1431 802 1527 841 alias
1554 803 1613 843 vi-

273 877 434 925 dissent,
463 877 681 916 funiculum
707 876 824 916 istum
851 876 1158 916 nullamhabere
1181 877 1397 929 analogiam
1426 892 1516 918 cum
1544 892 1612 918 co-

271 954 478 1005 tyledone,
514 954 585 993 sed
613 965 701 992 esse
727 956 880 1004 partem
907 953 967 991 sui
996 953 1153 1004 generis
1183 954 1254 993 cfr.
1281 954 1412 994 Icon.
1437 955 1527 995 bot.
1555 956 1614 996 ad

273 1030 457 1070 illustr.
486 1030 672 1069 haecce
699 1029 848 1069 Elem.
879 1030 975 1071 T.3.
1006 1029 1084 1070 ΕΘ.
1114 1029 1152 1069 9.
1182 1028 1246 1070 11.

380 1139 618 1179 Extremitas
647 1139 939 1190 cotyledonaris
957 1142 1017 1179 est
1044 1139 1176 1191 potius
1204 1139 1326 1180 altera
1353 1134 1453 1180 'intra
1479 1154 1614 1181 semen

273 1229 345 1256 seu
373 1216 557 1256 albumen
583 1229 789 1256 remanens
824 1217 957 1270 ibique
986 1229 1075 1256 cum
1114 1217 1289 1256 funiculo
1325 1218 1439 1269 perit.
1493 1219 1615 1258 Inter-

272 1295 366 1333 dum
391 1307 488 1334 vero
517 1293 781 1333 rudimentum
810 1307 904 1333 sane
934 1294 1056 1342 adest,
1084 1294 1190 1346 quod
1220 1294 1528 1334 Gaertnerus
1555 1295 1613 1334 vi-

271 1370 410 1410 tellum
438 1371 539 1410 bene
567 1370 737 1420 vocavit,
765 1371 804 1409 in
821 1370 1062 1422 Alpiniaceis
1085 1370 1230 1421 optime
1260 1371 1529 1422 conspicuum,
1557 1371 1614 1410 in-

271 1447 427 1486 terdum
455 1460 613 1500 quoque
641 1448 713 1498 (au
740 1448 948 1498 semper?)
975 1448 1034 1487 uti
1060 1448 1324 1487 Brownius
1352 1450 1489 1499 putat,
1530 1461 1615 1487 sac-

271 1524 364 1563 culo
394 1524 639 1576 embryonali
668 1524 850 1564 cinctum.
909 1524 952 1563 Si
973 1537 1020 1564 ea
1047 1537 1263 1576 comparas,
1291 1537 1390 1577 quae
1418 1538 1537 1576 supra
1564 1527 1614 1565 ad

272 1601 530 1652 embryonem
547 1602 700 1652 Trapae
729 1601 832 1640 dicta
860 1605 960 1650 sunt,
986 1601 1053 1641 vix
1085 1601 1246 1641 dubium
1273 1614 1432 1641 manere
1458 1602 1613 1652 poterit.

379 1699 595 1750 Embryo
631 1699 1042 1739 subinvolutivus
1071 1704 1147 1749 est,
1183 1701 1217 1739 si
1244 1700 1440 1751 gemmula
1468 1700 1613 1740 extrin-

271 1788 388 1815 secus
418 1776 692 1827 cognoscitur,
737 1777 808 1815 sed
837 1775 1115 1826 cotyledonem
1142 1777 1476 1826 nouadmittens,
1519 1777 1614 1829 quin

267 1852 419 1903 vaginis
446 1853 625 1893 involuta
652 1857 724 1893 est.
778 1854 905 1904 Hujus
933 1852 1064 1892 variae
1091 1857 1184 1892 sunt
1209 1853 1372 1904 species.

380 1952 512 1990 Prima
540 1955 601 1991 est
628 1951 850 2003 plantarum
886 1951 1241 2004 aquaticarum,
1282 1952 1612 2003 Potamogetonis‚

269 2027 468 2079 Ruppiae‚
513 2028 824 2078 Zannichelliae,
862 2041 961 2081 quae
988 2027 1100 2067 nullo
1129 2028 1344 2079 albumine,
1378 2029 1448 2068 sed
1475 2028 1613 2068 vitello

268 2105 472 2156 praeditae
514 2109 617 2145 sunt.
688 2105 779 2145 Toti
814 2106 898 2144 fere
933 2106 1169 2156 embryones
1204 2118 1226 2145 e
1261 2105 1398 2146 vitello
1434 2108 1614 2144 constant

270 2181 440 2233 globoso
459 2186 527 2221 aut
545 2183 731 2234 oblongo,
761 2195 783 2221 e
805 2194 886 2234 quo
913 2182 1143 2221 caudiculus
1171 2195 1288 2233 saepe
1314 2182 1428 2222 valde
1455 2194 1612 2233 parvus,

270 2257 394 2297 instar
420 2259 544 2309 partis
573 2260 736 2299 conicae
762 2259 971 2310 prominet.
1025 2259 1130 2298 Dum
1156 2258 1347 2310 germinat
1361 2271 1452 2310 pars
1475 2258 1614 2297 conica

271 2333 501 2387 elongatur,
544 2339 584 2375 et
616 2336 795 2388 vaginam
830 2335 934 2375 sistit
961 2348 983 2375 e
1011 2348 1088 2388 qua
1121 2334 1316 2387 gemmula
1349 2334 1494 2386 prodit.
1548 2332 1613 2372 Ad

269 2410 383 2450 basin
415 2404 591 2451 radicula
624 2417 687 2453 sat
718 2413 839 2464 longa
870 2411 1063 2464 procedit.
1132 2412 1200 2452 Ex
1228 2411 1444 2462 embryone
1473 2398 1613 2450 Orchi-

267 2485 444 2538 dearum,
471 2491 515 2527 ut
540 2493 640 2540 puto
670 2490 901 2530 illustratur.

379 2587 669 2628 Orchideae.
725 2589 843 2629 Testa
875 2587 1103 2639 fusiformis,
1137 2600 1160 2628 e
1186 2586 1489 2640 parenchymate
1516 2584 1609 2624 laxo
