1682 2938
900 114 982 158 172

382 226 530 265 Forma
553 222 841 265 filamentorum
875 225 1089 277 cylindrica
1124 229 1185 266 est
1219 230 1287 266 aut
1313 226 1436 279 magis
1463 227 1609 267 minus-

275 314 351 354 que
381 301 639 353 complamta,
663 305 748 341 tum
775 301 967 353 angulata.
1023 303 1116 342 Basi
1142 302 1375 356 plerumque
1389 304 1511 355 magis
1538 304 1609 343 mi-

273 391 398 419 nusve
427 379 639 418 incrassata
660 383 728 418 aut
755 378 914 418 dilatata
941 384 1167 429 occurrunt,
1196 393 1312 432 quam
1345 393 1525 432 superne,
1553 381 1610 419 in-

273 455 426 495 terdum
462 468 620 508 quoque
655 455 709 494 ibi
743 455 883 495 leviter
919 445 1130 496 adhaerent
1156 456 1430 507 (Geranium),
1477 470 1610 509 quam-

273 545 390 584 quam
417 545 499 572 non
526 533 785 584 monadelpha
813 533 902 572 sint.
956 534 1002 572 In
1029 534 1269 585 Campanula
1301 534 1406 573 basis
1433 533 1488 572 ita
1516 533 1611 572 dila-

272 613 353 648 tata
382 612 441 649 est
467 612 512 648 ut
539 610 590 648 ad
624 609 861 661 appendices
891 611 1066 650 corollae
1100 611 1247 667 referri·
1271 610 1416 661 possit,
1457 609 1534 650 nisi
1568 609 1609 648 in

274 685 382 725 affini
409 685 677 737 Adenophora
715 686 820 726 basis
857 687 935 727 alio
963 688 1082 728 modo
1110 688 1326 727 incrassata
1353 691 1469 726 esset.
1524 686 1610 725 Sin-

273 762 434 814 gularia·
449 766 540 802 sunt
567 762 609 801 in
634 762 753 802 Viola
780 763 948 803 calcaria
974 765 1052 807 duo
1081 777 1102 804 e
1131 777 1254 804 nervo
1284 764 1452 803 duorum
1480 762 1609 803 stami-

273 852 367 878 num
394 839 524 879 medio
560 839 745 888 oriunda,
773 841 940 890 reflexa,
981 840 1084 880 intra
1112 841 1242 880 calcar
1269 841 1442 880 corollae
1469 852 1610 880 recon-
1650 824 1653 830 κ

273 916 373 965 dita,
401 915 513 968 apice
541 915 726 967 glandula
753 917 991 957 nectarifera
1013 917 1212 957 instructa.

380 1015 618 1066 Plerumque
652 1015 908 1066 aequabiliter
946 1017 1178 1064 decurrunt,
1222 1015 1350 1054 rarius
1385 1014 1515 1054 medio
1552 1014 1609 1052 in-

274 1094 446 1130 crassata
472 1091 736 1142 reperiuntur.
781 1091 874 1131 Basi
898 1091 1155 1143 appendicem
1180 1092 1515 1131 membranaceam
1542 1090 1608 1128 ha-

272 1168 422 1208 bentin
436 1167 592 1219 Alysso,
620 1180 790 1220 superne
807 1168 847 1207 in
876 1168 1032 1208 dentem
1059 1172 1282 1217 excurrunt,
1307 1168 1393 1219 ipso
1409 1167 1607 1206 filamento

275 1247 326 1286 ad
351 1246 454 1286 latus
481 1246 599 1294 flexo,
623 1245 807 1285 antherae
835 1245 996 1294 inserto,
1022 1250 1067 1285 ut
1091 1245 1133 1284 in
1159 1245 1345 1284 Prunella
1372 1247 1412 1284 et
1434 1243 1607 1283 Cleonia.

273 1325 307 1363 F
308 1324 491 1363 ilamenta
517 1322 675 1362 dilatata
691 1321 831 1371 trifida,
861 1326 901 1361 et
919 1322 1076 1374 quidem
1091 1322 1314 1362 alternatim
1330 1321 1468 1370 trifida,
1497 1319 1611 1359 alter-

272 1401 395 1441 natim
422 1399 615 1452 simplicia
640 1398 682 1438 in
708 1397 824 1438 Alliis
850 1398 985 1439 videre
1014 1398 1124 1448 licet,
1165 1403 1250 1438 tum
1284 1398 1325 1437 in
1354 1396 1610 1447 Ornithogalo

272 1481 447 1526 nutante,
476 1476 584 1529 quod
611 1476 701 1515 ideo
726 1475 959 1527 Myogalum
985 1476 1137 1515 vocavi.
1192 1476 1237 1514 In
1264 1475 1323 1514 his
1349 1473 1534 1514 transitus
1562 1473 1611 1531 ad

273 1553 564 1607 paracorollam
597 1552 771 1602 videtur,
807 1552 933 1605 qualis
968 1552 1010 1592 in
1036 1551 1225 1592 Narcisso
1263 1555 1334 1591 est.
1399 1551 1444 1590 In
1469 1549 1609 1589 Ricino

272 1631 527 1683 multipartita
561 1633 653 1669 sunt
686 1642 778 1669 raro
818 1629 1020 1681 exemplo,
1063 1632 1102 1669 et
1135 1628 1368 1668 crediderim
1405 1627 1611 1667 transitum
1663 1668 1665 1671 ¹

274 1721 361 1747 esse
395 1708 445 1746 ad
478 1708 645 1746 formam
679 1710 958 1746 amentaceam.
1011 1707 1073 1746 De
1100 1705 1351 1758 Euphorbiae
1384 1703 1611 1744 staminibus

274 1797 395 1836 supra
421 1783 569 1822 dictum
597 1786 666 1822 est.

380 1877 443 1916 De
471 1876 681 1916 staminum
707 1874 992 1926 monadelphia,
1020 1874 1241 1927 diadelphia
1268 1878 1309 1914 et
1335 1874 1612 1926 polyadelphia

274 1966 353 1993 non
381 1952 512 1992 minus
541 1965 662 2004 supra
688 1951 864 2002 tractavi.

383 2046 564 2097 Superne
591 2046 632 2085 in
660 2045 771 2097 apice
800 2047 868 2084 aut
895 2048 1153 2085 attenuata
1179 2049 1270 2085 sunt
1297 2045 1510 2094 filamenta,
1545 2049 1612 2085 aut

274 2126 500 2174 aequata,
537 2125 605 2162 aut
637 2122 928 2161 incrassata.
993 2120 1074 2160 Aut
1101 2125 1308 2161 transeunt
1342 2122 1383 2161 in
1411 2121 1612 2161 connecti-

274 2197 408 2237 culum
440 2199 624 2239 antherae
659 2205 770 2238 recto
805 2197 976 2248 tramite,
1021 2204 1089 2238 aut
1129 2198 1345 2238 lateraliter
1377 2199 1611 2239 inseruntur.
1678 2197 1680 2204 ’

278 2277 389 2327 Quae
424 2278 649 2325 transeunt,
685 2275 883 2315 rarissime
910 2274 1057 2327 absque
1087 2274 1234 2314 coloris
1267 2275 1482 2315 mutatione
1507 2279 1612 2314 tran-

275 2355 411 2401 scunt,
448 2355 493 2391 ut
520 2352 562 2407 in
589 2352 806 2392 Clematide
841 2350 1082 2403 integrifolia
1115 2351 1280 2405 aliisque
1315 2363 1478 2392 cernere
1506 2351 1612 2400 licet,
1672 2392 1680 2395 Α

275 2428 472 2468 interdum
498 2428 606 2468 nodo
633 2428 815 2469 distincta
842 2431 933 2469 sunt
939 2460 950 2479 ‚
993 2432 1039 2468 ut
1073 2428 1115 2468 in
1139 2428 1371 2478 Berberide,
1416 2427 1611 2468 interdum

276 2505 499 2558 geniculata
532 2510 577 2545 ut
609 2505 651 2545 in
679 2505 918 2558 Tropaeolo.
974 2507 1087 2557 Quae
1123 2505 1165 2545 in
1190 2506 1315 2545 latere
1344 2503 1607 2544 connecticuli

278 2581 507 2624 inseruntur
534 2587 602 2624 aut
628 2583 741 2636 apice
769 2586 971 2624 attenuato
1006 2582 1125 2623 infixa
1151 2585 1261 2632 sunt,
1296 2586 1340 2622 ut
1373 2582 1412 2622 in
1438 2579 1608 2634 permul-
