1682 2938
915 121 998 165 14⁰

291 229 488 270 deficiunt.
541 230 586 271 In
618 229 819 283 Amorpha
850 232 1009 272 unicum
1039 237 1187 273 tantum
1222 232 1397 285 petalum
1426 242 1614 287 superest.
1681 265 1682 268 η

290 308 378 346 Ηοο
404 307 523 347 modo
550 307 725 360 phyllum
760 321 953 349 summum
989 309 1135 362 calycis
1171 312 1211 350 in
1238 312 1483 353 Balsaminae
1517 314 1614 353 flore

290 384 460 424 deficere
483 385 647 425 videtur.

397 461 668 514 Expansiones
709 459 931 514 petalorum
973 476 1067 503 vere
1113 464 1452 516 anamorphoticae
1490 466 1615 505 rarius

288 543 502 578 occummt
528 543 621 578 sunt
648 538 751 578 enim
778 539 962 578 transitus
990 541 1039 579 ad
1063 541 1228 580 formam
1252 541 1445 590 labiatam,
1472 546 1538 581 aut
1566 543 1614 581 ad

288 615 515 655 anthodium
553 620 594 656 et
634 616 724 655 hinc
770 616 1099 667 eumorphoticae.
1162 618 1295 657 Petala
1339 619 1488 669 majora
1529 618 1615 658 Ibe-

287 691 382 731 ridis
417 696 455 731 et
498 693 738 744 quarundam
773 693 936 733 aliarum
974 693 1191 744 plantarum
1226 694 1303 752 huc
1343 700 1474 735 tamen
1514 696 1614 735 refe-

287 768 410 807 renda
435 768 628 808 videntur.

394 843 680 896 Absorptiones
708 857 789 884 non
818 858 908 885 raro
937 847 1046 885 fiunt.
1101 845 1167 885 Sic
1194 845 1229 900 ξ.
1247 845 1311 886 28.
1335 847 1416 896 jam
1445 848 1612 888 indicavi

286 921 580 973 absorptionem
627 919 851 972 petalorum
897 936 921 962 a
959 922 1186 962 staminibus
1235 923 1276 962 in
1325 924 1613 964 Callistemone.

285 998 490 1049 Regularis
516 999 672 1038 videtur
705 998 906 1050 absorptio
944 999 1111 1039 duorum
1143 1003 1434 1051 segmentorum
1469 1001 1510 1040 in
1543 1002 1614 1040 flo-

286 1074 408 1114 sculis
434 1074 534 1113 radii
562 1074 932 1126 Corymbiferarum,
959 1075 1036 1114 nisi
1062 1075 1111 1114 sit
1139 1076 1366 1116 contractio.

395 1151 641 1191 Goadunatio
666 1151 887 1203 petalorum
914 1151 1082 1191 duorum
1108 1151 1150 1190 in
1176 1165 1298 1191 unum
1324 1153 1528 1192 manifesta
1555 1157 1613 1193 est

285 1227 326 1267 in
353 1227 487 1267 carina
514 1227 878 1280 Papilionacearum
915 1231 953 1267 et
987 1242 1011 1267 a
1037 1228 1167 1268 multis
1203 1228 1401 1268 Botanicis
1434 1229 1612 1277 indicata,

283 1317 359 1344 nec
386 1304 546 1344 dubium
573 1305 718 1344 labium
746 1304 924 1356 superius
952 1305 1127 1345 corollae
1154 1305 1318 1345 labiatae
1353 1318 1439 1345 esse
1468 1318 1489 1344 e
1517 1306 1614 1344 duo-

282 1382 356 1421 bus
383 1381 522 1433 petalis
551 1383 762 1421 conflatum
787 1381 845 1421 uti
871 1381 1016 1421 labium
1037 1381 1199 1422 inferius
1220 1395 1242 1422 e
1265 1382 1397 1432 tribus,
1427 1383 1496 1422 sed
1522 1394 1613 1434 pos-

282 1457 408 1498 terior
434 1459 562 1497 forma
587 1458 722 1510 potius
750 1458 1048 1509 eumorphotica
1068 1463 1137 1507 est,
1165 1458 1267 1498 sicut
1293 1459 1333 1498 in
1361 1472 1504 1510 genere
1524 1471 1612 1497 coa-

283 1535 445 1575 dunatio
473 1535 695 1586 petalorum
723 1535 763 1574 in
792 1535 982 1575 corollam
1005 1536 1305 1588 monopetalam.

390 1611 640 1652 Assimilatur
674 1611 825 1651 corolla
858 1612 1052 1653 rarissime
1096 1612 1328 1664 pericarpio.
1396 1611 1611 1662 Singularis

282 1690 444 1730 mutatio
472 1689 513 1728 in
540 1688 714 1728 Mirabili
739 1689 872 1728 locum
899 1689 1031 1738 habet,
1066 1690 1133 1728 ubi
1159 1702 1249 1741 pars
1277 1689 1410 1728 infima
1436 1688 1610 1728 corollae

282 1766 489 1818 superiore
506 1765 715 1805 secedente
742 1770 926 1814 ramanet,
954 1766 1166 1814 induratur,
1189 1766 1393 1814 clauditur,
1420 1765 1611 1815 rugosita-

282 1847 342 1883 tes
369 1842 571 1894 regulares
598 1842 774 1892 admittit,
795 1843 971 1883 colorem
997 1843 1128 1894 griseo
1156 1842 1307 1893 nigrum
1335 1842 1471 1891 induit,
1500 1841 1609 1880 etsie

282 1918 547 1971 pericarpium
573 1919 725 1959 format.

389 1997 450 2035 De
479 1995 654 2036 corollae
681 1995 970 2035 monstrositate
997 1995 1100 2035 infra
1126 1996 1288 2035 dicetur.

362 2117 408 2155 B.
469 2114 785 2167 Appendices
837 2115 1060 2155 corollae
1106 2119 1152 2155 et
1195 2114 1524 2166 paracorolla.

389 2213 515 2252 Hasce
559 2218 692 2266 partes
734 2225 816 2253 uno
857 2214 1015 2253 nomine
1056 2213 1319 2254 nectariorum
1364 2214 1607 2253 Linnaeus

283 2290 597 2340 comprehendit,
644 2294 682 2330 et
719 2291 927 2343 plerasque
963 2291 1066 2330 inter
1101 2290 1290 2331 corollam
1327 2295 1366 2330 et
1401 2289 1608 2329 staminum

281 2366 477 2417 ambiguas
513 2379 601 2415 esse
628 2371 761 2418 partes
790 2368 1030 2408 Goethius
1065 2368 1137 2408 rite
1165 2366 1299 2407 statuit
1332 2367 1455 2416 (Zur
1480 2367 1607 2406 Mor-

280 2440 513 2495 phologie
540 2442 638 2491 25.).

388 2518 452 2559 Ad
493 2519 728 2571 appendices
773 2521 947 2561 corollae
991 2524 1059 2560 aut
1102 2519 1326 2561 crinomatis
1366 2520 1496 2559 refero
1533 2531 1606 2557 co-

281 2608 450 2638 ronam
491 2609 564 2637 seu
613 2601 765 2649 partem
815 2598 1110 2650 monophyllam
1159 2596 1365 2650 perigonio
1412 2596 1606 2642 insertam,
