1682 2938
896 153 979 195 298

266 261 479 300 char-dus
512 261 661 313 primus
689 263 888 313 exposuit,
925 268 963 303 et
998 263 1177 305 similiter
1204 265 1462 307 Brownius
1491 268 1601 310 brac-

264 342 416 376 tearum
452 343 680 389 apparatum
709 351 794 378 esse
823 341 1042 393 pericarpia
1072 341 1223 381 asserit.
1280 341 1476 383 Antheras
1503 358 1599 398 quas

263 414 432 454 diximus
461 427 551 454 cum
579 414 790 455 Linnaeo
820 417 979 468 pollinis
1010 430 1093 458 esse
1123 418 1286 469 granula
1312 424 1435 471 putat.

371 508 415 546 In
443 508 606 559 Lecythi
642 509 802 560 embryo
836 511 963 550 nullas
1000 511 1172 551 ostendit
1209 512 1486 564 cotyledoneS‚
1529 517 1599 556 sed

261 597 378 623 unam
406 585 508 624 sistit
534 598 711 635 massam,
741 599 762 625 e
791 600 867 639 qua
895 588 935 627 in
963 588 1244 639 germinatione
1272 590 1372 629 duae
1399 590 1598 641 plumulae
1648 638 1650 641 ¹

261 673 292 699 s.
308 661 527 712 gemmulae
548 662 781 713 prodierunt
807 665 863 713 (v.
886 665 1018 704 Petit
1035 666 1254 705 Thouars
1273 667 1370 705 Ess.
1387 665 1425 706 3.
1443 680 1481 717 p.
1497 666 1594 717 32).

259 736 409 776 Eodem
435 738 555 777 modo
582 751 669 778 sese
697 739 839 779 habere
867 741 1227 781 Bertholletiae
1255 755 1390 782 semen
1413 743 1598 784 Trista-

260 825 349 852 nus
384 818 522 853 auctor
557 819 617 853 est
653 814 871 864 (Archiv.
906 816 1067 856 botan.
1103 818 1140 857 2.
1169 816 1293 868 512).
1363 820 1409 858 ln
1446 821 1596 861 semine

259 896 416 941 praeter
445 890 718 941 integumenta·
741 891 798 930 nil
838 893 911 931 nisi
942 906 1068 933 massa
1096 893 1182 933 alba
1209 895 1454 946 homogenea
1482 909 1595 948 repe-

259 967 358 1006 ritur
386 971 507 1006 totam
539 968 742 1007 cavitatem
765 968 932 1020 replens.

365 1059 409 1098 In
438 1060 696 1100 Orobanches
728 1062 939 1101 seminibus
976 1062 1140 1113 embryo
1176 1075 1255 1102 non
1284 1063 1520 1104 discernitur
1554 1069 1594 1105 et

256 1139 382 1175 totum
416 1148 550 1176 semen
586 1138 808 1189 elongatum
844 1139 1063 1190 germinare
1090 1138 1400 1181 Vaucherius
1427 1141 1590 1182 Auctor.

254 1213 521 1264 Embryonem
573 1227 670 1253 vero
725 1215 821 1254 vidit
877 1228 922 1254 ac
978 1214 1185 1267 descripsit
1238 1216 1397 1256 Corda
1444 1217 1594 1257 Flora

254 1289 319 1331 14.
350 1290 441 1331 779.

360 1378 548 1417 Leviores
576 1383 666 1418 sunt
693 1380 1016 1431 anamorphoses,
1045 1379 1078 1418 si
1106 1380 1364 1430 cotyledones
1393 1381 1590 1432 deficiunt,

253 1459 321 1494 aut
348 1455 482 1507 potius
512 1456 730 1495 rudimenta
758 1461 906 1496 tantum
935 1457 1087 1505 adsunt,
1116 1462 1159 1496 ut
1187 1457 1226 1496 in
1251 1458 1433 1507 Guscuta,
1461 1459 1590 1499 Melo-

254 1536 377 1582 cacto,
406 1537 488 1572 tum
516 1532 550 1571 si
578 1533 758 1572 minimae
786 1533 936 1582 adsunt,
965 1536 1008 1571 ut
1036 1533 1074 1571 in
1092 1533 1377 1586 Mammillaria,
1405 1536 1587 1589 Stapelia.

251 1608 322 1648 Sat
348 1622 510 1660 magnae
539 1610 579 1649 in
607 1610 790 1661 Opuntiis
823 1610 1093 1649 observantur.

358 1696 668 1748 Anamorphosis
709 1700 933 1736 monstrosa
980 1701 1040 1737 est
1082 1698 1116 1737 si
1149 1699 1248 1738 duae
1282 1699 1467 1751 pluresve
1511 1714 1589 1740 em-

247 1775 420 1826 bryones
448 1774 489 1812 in
517 1774 655 1812 eodem
691 1773 831 1812 adsunt
857 1773 1004 1812 semine
1058 1773 1109 1822 (J
1117 1787 1272 1825 aeger.
1302 1775 1395 1816 206.
1449 1777 1589 1818 Rein-

249 1850 413 1889 wardt.
447 1850 551 1889 Act.
581 1851 725 1901 Leop.
753 1850 844 1889 XII.
874 1850 966 1890 339.
1003 1850 1051 1888 in
1078 1851 1355 1902 Mangifera
1381 1852 1584 1904 indica).

247 1929 310 1967 De
343 1928 442 1967 Pino
470 1940 506 1965 v.
533 1939 563 1966 s.
622 1928 723 1966 Tum
760 1927 936 1967 defectus
965 1931 1004 1966 et
1032 1927 1247 1966 deminutio
1282 1928 1444 1969 alterius
1473 1934 1585 1981 coty-

246 2004 402 2044 ledonis
437 2007 503 2043 aut
539 2003 819 2054 cotyledonum
851 2003 1123 2056 multiplicatio
1166 2004 1205 2042 in
1243 2004 1340 2044 Citri
1374 2006 1584 2047 seminibus

245 2082 428 2133 vulgaris.

353 2157 665 2208 Anamorphosis
684 2170 714 2197 s.
732 2158 1052 2209 Catamorphosis
1070 2162 1130 2197 est
1158 2171 1247 2197 cum
1274 2158 1314 2197 in
1342 2159 1427 2210 ipsa
1450 2159 1586 2211 planta

245 2235 410 2285 embryo
438 2235 648 2285 germinat,
691 2238 730 2273 et
758 2233 955 2286 perruptis
993 2234 1271 2285 integumentis
1300 2237 1582 2277 extremitatem

243 2311 500 2352 radicularem
547 2312 709 2361 exserit,
765 2312 872 2363 quod
912 2311 952 2350 in
988 2310 1239 2362 Rhizophora
1274 2324 1436 2352 cernere
1477 2313 1583 2363 licet,

244 2389 523 2429 Gaertnero
545 2390 706 2439 jamjam
734 2388 981 2428 describente
1008 2388 1074 2438 (d.
1103 2389 1156 2428 fr.
1187 2388 1223 2429 1.
1252 2387 1378 2439 212).

352 2466 453 2506 Sunt
486 2478 582 2504 vero
617 2465 715 2505 aliae
744 2466 894 2506 somnae
922 2465 1160 2516 singulares,
1195 2477 1276 2504 non
1303 2465 1462 2518 quidem
1488 2478 1580 2505 ana-

241 2543 528 2595 morphoticae,
564 2542 634 2581 sed
661 2542 847 2582 transitus
875 2555 898 2581 a
927 2542 1052 2582 forma
1081 2541 1306 2593 embryonis
1335 2542 1482 2582 evoluti
1509 2542 1577 2582 Di-

242 2620 593 2672 cotyledonearum
621 2619 670 2659 ad
697 2619 864 2660 formam
892 2619 1118 2671 embryonis
1148 2619 1313 2660 involuti
1335 2619 1576 2670 Monocoty-
