1682 2938
919 127 1003 169 264

267 232 348 272 sius
385 236 424 273 et
458 234 600 274 durum
632 235 687 276 fit.
751 236 838 276 Hoc
872 237 1051 278 videmus
1086 238 1127 278 in
1160 238 1493 290 Ranunculaceis,
1538 242 1606 282 ubi

270 310 432 361 capsula
466 324 741 365 monosperma
778 314 915 354 durior
947 315 1008 364 fit,
1054 315 1146 354 dum
1182 328 1316 356 semen
1344 317 1534 357 accrescit
1566 322 1606 358 et

270 397 360 425 cum
387 387 609 440 pericarpio
639 390 834 430 coalescit.
890 391 998 431 Idem
1027 404 1184 444 quoque
1211 391 1252 431 in
1272 393 1523 445 Borragineis
1550 394 1606 433 vi-

272 462 429 513 demus,
468 465 536 504 ubi
564 478 720 519 quoque
750 467 912 519 capsula
940 468 1055 507 facile
1083 468 1342 519 dignoscitur,
1378 483 1452 510 nec
1479 470 1606 510 minus

271 538 313 578 in
339 539 539 582 Rosaceis.
593 543 655 583 Ab
683 543 743 583 his
769 557 866 584 vero
896 544 1025 584 differt
1054 545 1256 596 caryopsis
1275 546 1531 596 Labiatarum,
1560 560 1608 587 eo

273 617 379 668 quod
406 618 516 658 nulla
542 625 680 660 sutura
706 620 747 660 in
775 621 983 672 superficie
1012 625 1176 661 externa
1203 623 1488 673 conspiciatur,
1525 624 1609 664 folii

273 693 501 744 carpellaris
536 697 702 748 vestigia
736 697 923 737 indicans
978 698 1085 737 Idem
1113 711 1270 751 quoque
1304 700 1445 739 accidit
1478 700 1518 739 in
1548 714 1611 740 ca-

271 771 410 821 ryopsi
445 772 791 824 Cyperoidearum.
861 776 988 826 Quam
1031 774 1082 813 ob
1126 788 1211 814 rem
1253 776 1353 814 hanc
1400 777 1610 828 caryopsin

273 850 411 898 utpote
438 861 573 888 veram
600 862 623 888 a
650 850 784 901 spuria
811 850 1067 898 distinxerim,
1096 851 1248 891 scilicet
1275 865 1299 890 a
1327 852 1499 903 carpello
1517 866 1610 893 con-

273 926 402 963 tracto
438 929 476 964 et
506 925 630 965 hocce
667 927 997 978 carpelletum
1035 926 1271 966 vocaverim.
1329 928 1503 968 Tertium
1530 943 1609 969 am-

273 999 556 1052 phispermium
585 1006 645 1041 est
673 1003 959 1042 achaenium
994 1002 1141 1052 (akena
1167 1002 1415 1044 Richardo
1445 1005 1611 1055 dictum)

274 1077 309 1116 si
335 1078 617 1130 pericarpium,
655 1079 749 1118 dum
777 1091 911 1119 semen
940 1079 1150 1128 accrescit,
1186 1092 1332 1131 paucas
1359 1081 1462 1120 subit
1489 1086 1612 1121 muta-

275 1154 415 1194 tiones.
471 1156 559 1194 Huc
587 1156 719 1195 refero
747 1156 1094 1207 amphispermium
1114 1156 1427 1208 Syngenesarum
1457 1163 1496 1198 et
1523 1160 1613 1199 Um-

274 1230 552 1271 belliferarum.
581 1232 626 1271 In
650 1233 709 1272 his
734 1233 860 1284 stylus
889 1233 993 1272 inter
1015 1233 1315 1284 amphispermia
1344 1235 1544 1275 descendit
1573 1240 1613 1276 et

278 1307 431 1348 fructus
469 1308 722 1360 bicapsularis
760 1314 830 1349 est.
892 1309 993 1348 Hinc
1030 1320 1147 1358 saepe
1185 1310 1386 1362 hypogyni
1417 1312 1516 1352 fiunt
1542 1313 1614 1352 flo-

277 1396 353 1435 res,
382 1386 453 1425 cfr.
484 1385 825 1438 Schimperum
852 1387 1032 1437 (Flora
1059 1385 1123 1426 11.
1153 1385 1286 1436 525.)

385 1494 621 1535 Funiculi
662 1495 984 1535 umbilicales
1041 1495 1339 1548 (podospermia
1372 1497 1615 1548 Richard)

275 1570 432 1609 seminis
460 1575 585 1611 testae
613 1572 841 1612 inseruntur
869 1586 890 1612 e
919 1572 1176 1624 sporophoris
1206 1573 1406 1612 oriundae.
1462 1575 1616 1614 Brevis-

275 1646 365 1686 simi
392 1652 501 1697 sunt,
537 1648 773 1699 longissimi,
810 1649 850 1687 in
883 1650 1032 1700 pariete
1070 1649 1252 1700 capsulae
1288 1650 1540 1690 decurrentes
1568 1652 1616 1691 ad

275 1723 429 1775 apicem
455 1737 582 1777 usque
619 1729 659 1764 et
686 1725 740 1764 ita
774 1737 909 1764 semen
936 1725 1151 1776 pendulum
1187 1726 1472 1766 constituentes
1505 1732 1550 1767 ut
1578 1728 1618 1767 in

278 1799 438 1841 Statice.
495 1801 596 1841 Cum
625 1814 646 1840 e
675 1802 927 1853 sporophoro
964 1801 1144 1840 exierunt
1179 1801 1305 1840 rarius
1342 1803 1488 1842 ramosi
1516 1809 1617 1853 sunt,

277 1876 381 1917 intra
409 1879 701 1930 sporophorum
739 1891 836 1919 vero
872 1877 1100 1928 saepissime
1139 1878 1438 1917 ramificationes
1466 1879 1615 1920 sistunt.

279 1955 474 1994 Constant
496 1969 517 1994 e
534 1955 725 1995 fasciculo
752 1968 937 1994 vasorum
966 1954 1167 2006 spiralium
1195 1955 1497 2005 parenchymate
1525 1957 1617 1996 laxo

278 2034 346 2071 aut
373 2032 482 2071 tenui
511 2036 579 2071 aut
607 2045 742 2072 crasso
771 2031 950 2071 involuti.

388 2130 463 2169 Ubi
490 2132 688 2171 funiculus
716 2131 950 2170 umbilicalis
969 2143 1103 2170 semen
1118 2130 1238 2170 intrat
1260 2143 1352 2181 pars
1380 2131 1511 2171 variae
1540 2133 1618 2171 for-

279 2219 365 2245 mae
394 2206 591 2246 interdum
627 2208 808 2260 apposita
845 2212 903 2247 est
931 2221 952 2247 e
981 2206 1157 2246 funiculo
1192 2206 1411 2246 incrassato
1449 2212 1488 2247 ct
1527 2209 1620 2248 dila-

281 2286 363 2322 tato
392 2288 521 2333 enata,
558 2286 627 2324 sed
657 2284 895 2336 epidermide
924 2285 1100 2332 inducta,
1138 2296 1237 2335 quae
1274 2284 1450 2322 funiculo
1480 2285 1619 2335 deficit,

281 2359 415 2411 utique
444 2361 493 2398 ad
519 2361 698 2400 bracteas
726 2361 945 2400 referenda.
979 2360 1253 2399 Richardus
1279 2360 1476 2399 arillum
1505 2367 1620 2401 vocat

282 2436 445 2485 (Anal.
475 2426 513 2475 (l,
543 2438 597 2476 fr.
626 2437 724 2488 23.)
771 2438 841 2476 Est
857 2436 1128 2487 subglobosus,
1156 2448 1392 2475 verrucosus
1421 2438 1620 2489 (Euphor-

284 2511 378 2562 bia),
407 2513 634 2554 falcisormis
657 2513 815 2564 (Faba),
845 2512 1074 2563 deplanatus
1101 2512 1332 2562 (Hibiscus),
1360 2513 1505 2553 lamina
1532 2526 1618 2553 cor-

284 2589 374 2628 data
400 2589 806 2641 (Cardiospermum),
839 2589 1040 2640 calyculus
1069 2589 1218 2640 integer
1245 2589 1484 2640 (Anagallis)
1514 2590 1618 2642 caly-
