1682 2938
895 123 951 164 88

256 240 356 282 quae
384 241 474 268 cum
500 230 683 281 genitalia
709 231 787 271 sint
814 232 1011 282 feminina,
1039 243 1185 272 nomen
1213 233 1400 283 gynaecei
1428 246 1451 273 a
1478 234 1597 275 Roe-

256 318 376 358 pero
404 306 673 347 introductum
700 309 746 358 (l.
777 307 833 358 c.)
860 322 942 348 non
969 309 1097 348 minus
1126 313 1261 360 aptum
1291 314 1363 350 est.

366 415 466 454 Cum
493 419 626 467 partes
653 418 763 458 floris
792 419 888 458 folia
917 419 995 459 sint
1023 420 1151 458 forma
1177 422 1335 467 mutata,
1366 431 1455 459 cum
1483 419 1598 459 folio-

256 502 344 530 rum
378 492 476 531 situs
513 493 746 544 originarius
781 495 1042 535 verticillatus
1079 495 1148 544 sit,
1191 495 1248 533 uti
1276 493 1310 549 §.
1331 493 1421 535 110.
1452 496 1599 536 dictum

258 571 326 616 est,
354 568 547 620 sequitur,
583 569 699 610 situm
733 572 902 622 partium
930 571 1039 611 floris
1075 572 1328 623 originarium
1361 584 1448 611 esse
1482 571 1599 611 verti-

258 643 441 684 cillatum.
471 645 677 687 Foliorum
693 649 895 688 verticillis
919 662 1016 689 vero
1036 649 1263 700 saepissime
1280 649 1321 687 in
1336 648 1460 687 lineas
1476 649 1599 700 spira-

256 720 316 760 les
331 733 403 761 seu
430 735 556 776 gyros
572 724 762 765 deductos
781 738 877 776 esse,
907 739 957 766 ex
975 726 1115 766 eodem
1129 724 1165 779 §.
1184 730 1346 765 constat.
1375 726 1482 764 Idem
1500 738 1599 778 quo-

258 810 335 849 que
370 798 411 837 in
447 800 623 851 partibus
659 802 771 842 floris
805 803 983 842 accidere
1016 804 1100 853 jam
1137 803 1221 852 jam
1264 802 1486 842 observavit
1526 799 1595 840 Al.

258 874 522 926 Braunius,
551 891 627 919 nec
654 893 737 919 non
763 880 864 919 bene
885 879 1401 931 exposuitBischoffius
1428 878 1599 929 (Lehr-

257 951 382 991 buch
411 953 448 992 d.
476 953 645 995 Botan.
675 954 713 996 1.
742 956 866 1006 204.).
921 955 1078 1008 Reliqui
1104 969 1202 996 vero
1229 955 1430 1004 Botanici,
1465 968 1599 1007 quam-

258 1042 375 1082 quam
410 1030 535 1069 multa
569 1031 618 1070 de
653 1033 825 1083 partium
852 1033 960 1072 floris
997 1033 1073 1072 situ
1107 1033 1296 1082 dixerint,
1333 1033 1434 1071 hanc
1467 1036 1598 1071 tamen

257 1105 356 1145 situs
372 1106 630 1146 mutationem
646 1108 763 1159 plane
773 1109 1033 1160 neglexerunt
1052 1108 1409 1160 (Gand.0rgan.
1422 1107 1457 1148 1.
1469 1108 1595 1157 547.)

257 1182 471 1222 Methodus
500 1184 687 1224 foliorum
715 1185 933 1225 verticillos
963 1186 1216 1236 computandi
1250 1189 1358 1236 patet
1385 1198 1407 1224 e
1435 1184 1469 1238 §.
1487 1184 1597 1232 110.;

257 1259 438 1299 ducenda
460 1264 521 1300 est
541 1260 648 1300 linea
668 1266 779 1301 reeta
800 1262 840 1301 in
866 1262 977 1301 caule
994 1275 1017 1301 a
1031 1261 1128 1301 folio
1151 1262 1322 1314 quodam
1344 1261 1531 1300 inferiore
1549 1262 1599 1300 ad

257 1336 398 1376 folium
426 1337 610 1388 superius
638 1338 818 1388 proxime
836 1339 1019 1390 positum,
1050 1339 1156 1391 quod
1183 1339 1351 1389 primum
1380 1338 1454 1378 erit
1480 1338 1599 1377 verti-

257 1413 339 1453 cilli
366 1414 587 1466 sequentis,
616 1418 655 1453 et
682 1415 716 1454 si
743 1427 927 1454 numeras
955 1415 1051 1454 folia
1077 1415 1182 1454 inter
1207 1419 1418 1468 utrumque
1447 1414 1597 1463 folium,

256 1491 306 1530 de
340 1503 420 1543 quo
447 1492 567 1530 modo
604 1491 771 1530 diximus
806 1492 950 1543 posita,
984 1492 1144 1530 habebis
1178 1505 1384 1531 numerum
1412 1492 1599 1532 soliorum

256 1567 298 1606 in
333 1569 474 1607 eodem
517 1568 733 1618 vei-ticillo,
775 1569 847 1608 sed
888 1568 929 1607 in
963 1568 1082 1607 variis
1120 1569 1231 1621 gyris
1267 1569 1465 1620 disposita.
1531 1569 1599 1607 Sic

255 1657 414 1698 quoque
440 1645 482 1684 in
509 1645 685 1685 fioribus.
742 1646 843 1686 Cum
876 1659 975 1685 vero
1009 1645 1120 1685 floris
1154 1650 1284 1697 partes
1318 1646 1442 1685 multo
1470 1645 1599 1684 minus

258 1722 299 1761 in
327 1735 448 1774 gyros
465 1723 658 1762 deductae
686 1723 886 1775 magisque
915 1723 1210 1773 approximatae
1238 1722 1326 1772 sint,
1351 1736 1467 1775 quam
1494 1722 1600 1771 folia,

255 1811 350 1850 pars
378 1800 486 1839 floris
514 1799 695 1851 proxime
725 1799 907 1851 opposita
934 1811 1004 1837 seu
1026 1800 1256 1850 anteposita,
1285 1800 1334 1839 ad
1363 1800 1484 1839 alium
1510 1812 1600 1850 per-

257 1876 358 1918 tinet
385 1876 640 1926 verticillum,
688 1890 780 1928 pars
808 1875 988 1927 proxime
1018 1875 1215 1915 alternans
1243 1877 1291 1915 ad
1321 1877 1487 1916 eundem
1515 1876 1600 1928 qui-

258 1953 348 1993 dem
375 1954 614 1994 verticillum
642 1954 713 1992 sed
740 1954 789 1993 ad
816 1953 935 1992 alium
963 1966 1114 2004 gyrum.
1168 1953 1262 1992 Non
1290 1966 1446 2004 semper
1474 1952 1599 2005 quivis

259 2030 359 2069 ordo
386 2030 584 2082 singulum
613 2034 784 2082 occupat
807 2029 1053 2079 verticillum,
1081 2030 1152 2069 sed
1178 2043 1260 2069 non
1286 2042 1379 2068 raro
1408 2029 1601 2079 ejusmodi

257 2107 360 2149 ordo
388 2120 410 2146 e
436 2108 591 2148 duobus
618 2107 876 2161 pluribusque
891 2110 1046 2146 constat
1061 2106 1275 2146 verticillis.
1303 2107 1500 2147 Habemus
1529 2106 1601 2158 igi-

258 2186 326 2223 tur
365 2185 584 2223 secundum
618 2197 826 2224 numerum
860 2184 1163 2232 verticillorum,
1205 2184 1324 2222 flores
1362 2184 1599 2237 ordinesque

260 2261 808 2314 mono-polycyclicos
848 2261 936 2311 (aut
968 2261 1002 2300 si
1029 2261 1150 2301 mavis
1178 2260 1600 2312 mono-polycyclos)‚

260 2337 478 2376 secundum
504 2349 712 2378 numerum
738 2339 933 2390 spirarum
947 2351 1019 2378 seu
1042 2351 1248 2392 gyrorum,
1275 2338 1394 2377 flores
1423 2337 1599 2377 ordines-

260 2426 337 2467 que
364 2413 840 2469 mono-polygyros.

367 2513 505 2552 Partes
535 2512 644 2552 floris
672 2513 713 2552 in
742 2515 883 2554 eodem
910 2526 1009 2566 gyro
1025 2513 1191 2566 positae,
1220 2512 1261 2551 in
1285 2515 1371 2550 toto
1399 2512 1498 2551 flore
1526 2523 1597 2552 nu-

259 2601 369 2629 mero
406 2589 617 2629 convenire
652 2589 795 2632 solent.
851 2591 1052 2632 Numerus
1097 2590 1171 2629 iste
1209 2593 1276 2628 aut
1316 2588 1489 2627 binarius
1526 2591 1596 2636 est,
