1682 2938
876 111 962 154 344

241 223 392 261 tetrum
419 219 586 261 odorem
612 221 757 262 habent
777 221 972 273 ejusmodi
998 223 1134 273 flores,
1175 222 1242 276 qui
1273 235 1370 265 vero
1403 235 1485 265 non
1510 223 1590 265 late

244 297 454 350 spargitur.

354 374 497 420 Conr.
527 374 781 415 Gesnerus
811 375 895 427 jam
923 375 1061 416 seculo
1090 377 1202 416 XVI.
1232 377 1467 428 opusculum
1495 377 1592 417 scri-

242 450 325 503 psit
352 451 401 490 de
429 450 574 502 plantis
602 456 725 491 noctu
752 452 987 502 lucentibus,
1018 466 1184 506 quarum
1199 454 1308 494 nulla
1322 454 1441 493 lucet.
1476 454 1591 494 Plan-
1656 467 1659 487 :

242 531 305 567 tas
334 528 643 579 phanerogamas
671 533 870 569 nostrates
905 533 1027 569 noctu
1054 530 1189 570 lucere
1224 530 1385 570 dubium
1420 535 1491 571 est.
1545 532 1590 570 In

244 604 410 644 floribus
463 604 676 656 Tropaeoli
729 606 827 646 vidit
884 606 940 645 El
950 605 1052 646 isab
1062 607 1170 646 etha
1224 608 1445 647 Christin
1455 622 1479 648 a
1533 608 1590 648 de

243 682 275 720 L
285 681 331 721 in
339 695 366 721 n
375 677 397 721 ὁ
425 681 491 732 (V
501 694 522 721 e
532 685 559 721 t.
588 680 624 720 A
634 694 656 720 c
664 694 686 720 a
695 682 730 721 d.
759 683 1001 734 Handlingar
1023 682 1141 724 1762.
1171 683 1263 724 284.
1274 683 1305 734 )‚
1336 685 1592 724 confirmave-

243 762 338 797 runt
365 758 658 809 Haggrenus
686 758 785 809 (ibd.
815 757 934 799 1788.
963 758 1051 808 62.)
1080 763 1119 799 et
1145 760 1370 800 Cromius
1399 762 1591 814 (Hoppe

247 834 280 873 T
291 847 314 873 a
324 834 407 873 sch
418 847 474 873 en
486 834 510 872 b
520 847 547 873 u
557 835 611 873 ch
647 835 684 874 d.
720 836 753 874 B
765 839 823 875 ot.
863 833 981 875 1809.
1018 835 1117 885 82).
1171 835 1315 876 Nullus
1357 838 1473 888 vidit,
1516 838 1592 878 nisi

246 910 316 963 qui
352 916 509 962 spectra
543 910 662 967 videt.
725 911 976 963 Euphorbiae
1012 925 1110 952 vero
1138 913 1397 954 Brasilienses
1428 928 1592 955 succum

244 987 421 1027 lacteum
457 990 580 1026 noctu
612 987 814 1026 lucentem
859 987 1047 1037 fundunt,
1096 990 1203 1041 quod
1238 990 1387 1041 primus
1421 992 1592 1031 narravit

245 1064 518 1116 Murrayus
547 1063 641 1114 (Ph
653 1063 700 1103 il.
722 1065 755 1102 T
766 1076 851 1103 ran
862 1068 977 1106 sact.
1007 1063 1126 1106 1816.
1155 1065 1270 1116 279.)
1313 1067 1592 1108 confirmarunt

247 1141 274 1180 d
283 1154 304 1181 e
332 1142 378 1182 M
392 1155 414 1181 a
422 1145 467 1181 rt
477 1141 524 1180 iu
533 1154 552 1181 s
587 1140 741 1193 aliique.
798 1141 1046 1193 Schistotega
1080 1143 1340 1182 osmundacea
1374 1141 1508 1184 lucere
1538 1144 1594 1183 di-

248 1218 351 1258 citur
379 1218 442 1269 (F
451 1218 465 1257 l
475 1231 499 1257 o
510 1231 562 1257 ra
590 1216 653 1257 17.
682 1216 783 1266 33.)
839 1218 975 1258 Noetu
1010 1224 1118 1258 certe
1156 1218 1291 1259 lucent
1328 1220 1594 1260 extremitates

247 1296 446 1335 floccosae
475 1295 586 1334 thalli
613 1294 931 1346 Rhizomorphae
962 1296 1240 1335 subterraneae
1269 1309 1340 1335 seu
1357 1297 1490 1348 potius
1507 1297 1594 1337 Me-

248 1372 342 1412 rulii
371 1371 645 1423 (Xylophagi)
675 1372 878 1423 cujusdam
887 1403 896 1421 ,
926 1385 1026 1425 quae
1054 1376 1113 1412 est
1142 1371 1320 1412 Clavaria
1345 1356 1595 1425 phosp'horea

249 1448 447 1500 Sowerby
486 1448 590 1500 (cfr.
629 1448 719 1487 Die
747 1449 1163 1489 unterirdischen
1190 1449 1595 1502 Rhizomorphen

249 1539 348 1567 von
383 1525 513 1566 Nees
547 1538 584 1565 v.
621 1525 899 1575 Esenbeck,
934 1525 975 1565 N
988 1527 1220 1579 (iggerath
1256 1526 1338 1565 und
1373 1527 1592 1567 Bischof.

249 1603 288 1646 A
297 1617 318 1644 c
328 1607 355 1644 t.
392 1604 423 1642 L
434 1616 455 1643 e
467 1616 491 1643 o
503 1617 542 1656 p.
578 1597 643 1643 11.
672 1600 798 1651 605.)
869 1602 950 1643 Sed
995 1607 1087 1656 post
1124 1616 1263 1643 omnes
1303 1602 1595 1658 disquisitiones

252 1680 501 1722 doctissimas
529 1679 585 1718 nil
613 1679 770 1728 scimus,
797 1678 872 1718 nisi
901 1679 1008 1731 quod
1035 1684 1157 1720 noctu
1184 1680 1355 1720 luceant.
