1682 2938
876 139 958 180 180

359 245 611 299 Appendices
638 248 885 289 antherarum
914 251 1045 291 variae
1062 251 1333 300 observantur,
1361 251 1593 305 plerumque

251 327 357 364 setae
386 338 437 365 ex
464 325 576 377 apice
605 338 677 365 seu
706 339 727 365 e
755 327 839 366 basi
867 327 1093 368 loculorum
1127 333 1318 378 exsertae,
1346 333 1391 367 ut
1409 329 1449 367 in
1463 330 1595 368 Erica-

251 401 331 441 ceis
358 401 493 452 variis,
535 403 781 454 Euphrasiis,
822 405 934 444 Inula
963 410 1057 455 eto,
1101 410 1168 445 aut
1195 406 1285 457 pilis
1323 406 1474 446 obsitae
1503 410 1595 445 sunt

248 491 332 518 non
358 479 489 519 solum
509 479 550 518 in
566 484 731 519 externa
747 482 967 532 superficie,
996 483 1065 522 sed
1094 496 1251 535 quoque
1281 484 1386 523 intus
1415 485 1465 523 ad
1491 498 1595 524 mar—

248 556 360 607 gines
387 560 432 595 ut
460 556 502 596 in
529 557 698 596 Labiatis
726 558 858 598 variis.
912 560 1114 599 Interdum
1151 573 1309 612 quoque
1343 561 1385 599 in
1413 559 1594 600 tubulum

246 646 412 685 parvum
439 633 624 673 adnatum
652 639 809 685 exeunt,
843 636 949 687 quod
977 637 1017 675 in
1045 634 1202 675 Azaleis
1232 640 1271 676 et
1297 638 1593 677 Rhododendro
1670 685 1671 689 Ἰ

247 710 491 750 observatur.
546 709 746 751 Antherae
774 712 1092 763 Syngenesarum
1133 713 1309 764 singulae
1339 714 1379 753 in
1406 715 1593 766 appendi-

247 799 336 826 cem
367 787 706 827 membranaceam
749 792 896 828 exeunt
938 788 1238 840 triangularem,
1280 792 1387 842 quod
1430 805 1590 847 quoque

250 863 289 902 in
315 864 445 903 Violis
474 864 562 903 fieri
590 865 710 913 solet,
745 865 814 904 ubi
842 866 1003 918 quaevis
1033 867 1194 906 anthera
1224 868 1320 907 duas
1351 868 1493 908 emittit
1522 882 1590 920 ap-

246 941 444 991 pendices,
474 940 525 980 ob
554 940 713 981 loculos
730 942 842 992 duos,
870 943 985 982 fusco
1001 942 1138 982 colore
1159 943 1351 984 imbutasa
1367 945 1587 984 Glandulac
1665 978 1673 985 .

246 1030 406 1070 quoque
443 1021 483 1056 et
518 1017 595 1069 ipsi
622 1018 829 1070 impositae
863 1022 956 1057 sunt
984 1020 1193 1069 antherae,
1235 1025 1280 1060 ut
1309 1021 1349 1061 in
1376 1022 1590 1073 Hyperi00‚

245 1106 316 1134 seu
344 1094 415 1146 pili
441 1092 666 1145 glandulosi
693 1098 738 1134 ut
766 1094 808 1134 in
834 1095 1000 1135 Melissa
1027 1095 1276 1147 grandiflora.

354 1192 770 1233 Connecticulum
798 1206 870 1234 seu
899 1195 1249 1234 connectivum
1276 1195 1379 1235 inter
1407 1197 1592 1236 antherae

242 1270 399 1310 loculos
442 1269 511 1309 ubi
553 1270 713 1310 connati
751 1274 861 1321 sunt,
905 1270 1081 1311 decurrit
1125 1271 1358 1325 plerumque
1396 1273 1592 1323 filiforme,

243 1346 415 1386 crassius
470 1347 726 1400 tenuiusque,
779 1347 936 1387 loculos
978 1348 1164 1401 utrinque
1214 1349 1380 1389 adnatbs
1435 1363 1590 1401 gerenS.

242 1424 463 1475 Elongatur
502 1423 610 1463 ultra
653 1409 858 1464 antheram
901 1424 942 1463 in
985 1425 1244 1477 appendicem
1285 1426 1513 1466 filiformem
1546 1427 1590 1465 in

242 1499 382 1549 vinca,
409 1499 552 1540 Paride
582 1504 655 1540 etc.
711 1501 910 1541 Dilatatur
937 1502 977 1541 in
1001 1502 1217 1542 Berberide
1248 1507 1288 1542 et
1315 1503 1471 1543 loculos
1499 1503 1591 1556 diri·
1669 1512 1672 1516 ’

241 1577 324 1626 mit,
353 1575 421 1628 qui
447 1576 490 1615 in
517 1577 642 1628 ipsius
670 1578 845 1629 margine
865 1579 1091 1619 decurrunt.
1148 1580 1421 1620 Transversim
1451 1580 1592 1619 decur-
1661 1590 1662 1593 ’

241 1652 294 1692 rit
321 1653 425 1692 inter
450 1652 608 1694 loculos
623 1654 790 1704 Salviae,
818 1660 935 1704 teres,
964 1655 1149 1708 geniculo
1175 1657 1376 1696 filamento
1406 1657 1591 1696 adnatum

242 1730 417 1781 (Gand.
447 1731 556 1782 Org.
585 1729 623 1770 1.
652 1729 778 1780 461.)
836 1733 970 1772 Dorso
999 1737 1150 1772 tantum
1179 1733 1397 1783 dilatatum,
1433 1733 1591 1772 loculos

242 1807 428 1846 antherae
457 1807 573 1847 habet
601 1807 642 1846 in
668 1807 810 1859 pagina
837 1809 1036 1849 anteriore
1064 1821 1095 1848 S.
1124 1808 1314 1849 interiore
1342 1810 1517 1858 adnatos,
1549 1810 1590 1848 in

241 1884 360 1924 variis
398 1897 431 1923 e.
460 1896 497 1935 g.
535 1884 763 1925 Clematide.
836 1885 1043 1936 Ejusmodi
1087 1886 1362 1926 connecticula
1405 1885 1589 1937 margini-

241 1960 317 2000 bus
345 1959 599 2000 adhaerentia
627 1964 665 2000 et
692 1961 937 2002 subconnata
964 1963 1005 2002 in
1032 1962 1162 2003 Violis
1192 1962 1500 2016 conspiciuntur.

351 2069 571 2109 Dehiscunt
595 2071 801 2121 antherae,
829 2070 972 2110 loculis
1003 2071 1102 2112 rima
1130 2072 1405 2124 longitudinali
1433 2075 1501 2111 aut
1529 2075 1590 2111 to-

242 2146 294 2186 tis
321 2149 389 2186 aut
414 2146 557 2197 partim
584 2148 742 2198 apertis.
798 2147 902 2187 Illud
928 2147 1047 2200 vulgo
1075 2148 1163 2188 fieri
1190 2149 1302 2198 solet,
1330 2149 1407 2188 hoc
1435 2148 1476 2187 in
1504 2147 1590 2187 Eri-

245 2222 394 2272 caceis,
422 2223 642 2275 Euphrasia
671 2228 746 2264 etc.
777 2225 1044 2265 observamus.
1099 2227 1197 2265 Post
1224 2226 1474 2266 emissionem
1500 2225 1590 2277 pol·
1667 2225 1670 2226 ⁷

240 2299 332 2340 linis
359 2312 479 2351 saepe
506 2304 588 2340 tota
615 2302 778 2340 anthera
805 2300 1015 2340 invertitur
1042 2305 1081 2341 et
1110 2304 1359 2355 corrugando
1381 2302 1496 2355 perit.
1526 2302 1590 2341 In-

242 2375 400 2416 terdum
425 2388 566 2428 parum
596 2380 833 2429 corrugatur
867 2380 906 2417 et
939 2377 1063 2418 loculi
1097 2379 1304 2432 divergunt
1337 2384 1383 2419 ut
1417 2379 1459 2418 in
1488 2378 1589 2425 Gra-

242 2451 432 2502 minibus,
466 2455 534 2491 aut
568 2452 647 2492 alio
675 2454 796 2493 modo
826 2457 1129 2507 contorquetur,
1179 2457 1306 2496 rarius
1341 2456 1383 2496 in
1418 2457 1587 2496 formam

241 2529 451 2570 helicinam
476 2532 524 2580 nt
550 2528 592 2568 in
618 2529 847 2580 Erythraea,
875 2531 1010 2582 paullo
1039 2523 1284 2585 frequentius
1313 2532 1355 2573 in
1379 2545 1475 2573 vere
1504 2531 1584 2584 spi-

242 2606 366 2646 ralem
399 2604 609 2656 (Clarkia).
666 2604 767 2646 Sunt
801 2619 961 2660 quoque
995 2609 1180 2650 antherae
1215 2622 1315 2662 quae
1349 2613 1443 2662 post
1477 2607 1586 2648 dehi-
