1682 2938
877 143 931 184 72

248 250 453 303 thyrsodio
487 248 656 290 minime.
718 251 973 303 Dignoscitur
1008 266 1032 292 a
1063 253 1327 305 praecedente
1359 255 1582 306 pedunculo
1660 247 1661 250 ¹

247 328 436 379 primario
470 328 520 368 ad
553 327 706 379 apicem
742 341 867 382 usque
904 333 970 369 aut
1003 329 1107 369 ultra
1139 330 1312 369 medium
1348 337 1582 372 excurrente

248 417 323 444 nec
348 404 652 457 deliquescente.
706 407 833 457 Hujus
865 406 946 445 loci
981 410 1090 446 sunt:
1134 407 1378 458 Thyrsus,
1418 410 1583 462 thyrso-

248 481 323 521 diis
349 481 576 521 lateralibus
603 482 806 534 paniculas
835 483 1116 533 exhibentibus,
1145 482 1446 524 etAnthurus
1476 486 1583 537 thyr-

246 558 377 598 sodeis
410 558 638 599 lateralibus
672 559 884 599 fasciculos
920 564 988 599 aut
1018 560 1262 611 glomerulos
1300 562 1581 602 exhibentibus.
1658 567 1660 570 ⁴

243 634 432 674 Panicula
459 636 689 675 Graminum
723 650 768 676 re
802 650 898 677 vera
932 637 1087 688 thyrsus
1116 641 1190 687 est,
1225 637 1284 677 uti
1310 638 1420 689 spica
1446 638 1583 679 Labia-

244 714 375 751 tarum
401 716 441 751 et
466 711 797 753 Amaranthorum
824 714 1025 753 anthurus.

351 804 466 844 Rami
501 806 710 846 inferiores
741 807 901 859 plantae
936 819 1019 845 non
1052 819 1145 845 raro
1174 807 1486 847 inflorescentias
1511 808 1582 847 mi-

243 891 319 919 nus
347 881 562 933 explicatas
590 888 631 923 et
644 885 842 936 perfectas
865 884 1103 935 producunt,
1132 897 1232 936 quae
1259 885 1581 924 accessoriae

242 958 379 996 vocari
403 965 584 1010 possunt,
613 961 671 1000 uti
697 961 796 1000 rami
823 961 896 1000 sub
926 974 1039 1012 cyma
1067 961 1396 1013 Euphorbiarum.

348 1050 513 1092 Antho
526 1053 655 1092 dium
689 1066 761 1092 seu
795 1053 892 1093 Flos
928 1055 1171 1105 compositus
1207 1058 1284 1104 est,
1322 1067 1412 1093 cum
1445 1054 1581 1105 plures

239 1125 361 1166 flores
395 1129 523 1168 forma
559 1133 598 1169 et
629 1129 765 1168 habitu
795 1113 927 1168 *unum
967 1131 1108 1169 florem
1141 1131 1352 1170 imitantur.
1423 1131 1582 1170 Transit

240 1203 485 1254 thyrsodium
518 1219 593 1258 per
626 1207 855 1246 anthodium
881 1207 931 1246 ad
958 1207 1156 1258 singulum
1183 1208 1335 1246 florem.
1392 1207 1583 1246 Oriuntur

240 1280 428 1321 anthodia
454 1287 522 1322 aut
549 1297 601 1323 ex
626 1283 809 1334 umbella,
836 1288 905 1323 aut
932 1297 954 1324 e
982 1284 1130 1335 thyrso,
1158 1288 1225 1323 aut
1253 1296 1275 1322 e
1302 1283 1421 1335 spica.

350 1369 572 1410 Umbella
605 1384 677 1411 seu
712 1372 848 1423 potius
884 1371 1102 1410 umbellula
1129 1370 1471 1410 Umbelliferarum
1503 1371 1584 1422 pri-

239 1455 327 1484 mus
354 1446 499 1496 gradus
528 1451 588 1487 est
613 1461 754 1488 versus
787 1448 1025 1487 anthodium.
1089 1448 1277 1488 Corollae
1313 1447 1417 1486 enim
1442 1459 1581 1487 versus

240 1525 421 1562 centrum
448 1524 687 1564 umbellulae
714 1525 837 1577 magis
864 1525 1068 1577 regulares
1096 1525 1205 1574 fiunt,
1233 1536 1370 1564 versus
1393 1524 1581 1585 ambitum

239 1599 495 1651 irregulares,
538 1601 593 1640 ita
619 1605 664 1641 ut
689 1602 820 1653 petala
849 1602 1046 1642 exteriora
1071 1601 1252 1653 longiora
1279 1601 1357 1640 sint
1383 1600 1582 1640 interiori·

239 1676 332 1726 bus,
391 1682 431 1718 et
484 1682 568 1718 tota
619 1679 835 1718 umbellula
889 1677 1140 1719 calathidium
1191 1677 1355 1717 floribus
1408 1677 1582 1729 ligulatis

239 1754 396 1795 referat.

350 1843 684 1884 Calathidium
724 1848 784 1884 est
818 1843 1054 1895 compositio
1087 1844 1232 1882 florum
1266 1842 1335 1894 qui
1369 1845 1463 1880 tunc
1489 1842 1582 1880 flos-

240 1918 322 1958 culi
348 1925 560 1971 vocantur,
587 1922 629 1961 in
657 1922 798 1962 eodem
823 1919 1092 1972 receptaculo.
1147 1918 1388 1971 Syngenesis
1416 1917 1581 1957 solenne

244 1999 322 2046 est,
358 2011 460 2050 quae
489 1999 582 2038 hinc
609 1999 864 2051 Compositae
890 2002 1103 2047 vocantur,
1141 2009 1217 2036 nec
1251 2008 1334 2034 non
1364 1994 1580 2046 Dipsaceis.

242 2072 427 2113 Cinctum
469 2079 528 2116 est
560 2076 768 2117 involucro
810 2076 1077 2123 bractearum,
1131 2085 1203 2112 seu
1242 2069 1580 2123 pericalathio

240 2148 532 2201 (peranthodio,
560 2153 696 2205 calyce
726 2153 954 2202 communi).
1009 2151 1104 2190 Non
1136 2162 1229 2190 raro
1259 2147 1418 2201 quilibet
1438 2149 1582 2186 floscu—

240 2223 304 2265 lus
332 2226 532 2268 bracteola
558 2242 631 2268 seu
657 2229 803 2280 palea
830 2229 953 2269 fultus
981 2232 1060 2277 est,
1099 2239 1199 2280 quae
1236 2238 1394 2278 quoque
1427 2224 1582 2275 pilifor-

239 2303 313 2342 mis
328 2305 458 2344 evadit
484 2306 556 2345 sed
584 2320 607 2345 a
632 2306 716 2359 pilo
740 2306 855 2346 facile
870 2305 1124 2358 dignoscitur,
1152 2317 1201 2344 eo
1221 2303 1328 2356 quod
1349 2301 1485 2353 plures
1501 2299 1580 2339 cel-

239 2379 411 2419 lularum
438 2381 561 2422 series
589 2384 792 2435 appositae
819 2383 915 2432 sint,
958 2396 1049 2422 cum
1083 2382 1124 2421 in
1150 2381 1232 2433 pilo
1261 2379 1399 2419 unicus
1426 2381 1580 2417 tantum

242 2457 387 2498 canalis
402 2458 505 2498 adsit
518 2453 590 2499 Seu
602 2472 681 2499 una
697 2459 930 2500 cellularum
943 2460 1076 2500 series.
1112 2457 1372 2497 Galathidium
1398 2454 1580 2494 umbel-

240 2534 428 2576 laceum
453 2535 697 2586 vocaverim,
739 2536 775 2576 si
807 2536 964 2577 flosculi
998 2535 1216 2575 exteriores
1250 2536 1339 2573 ante
1367 2532 1577 2572 interiores

242 2612 404 2665 florent,
431 2614 752 2668 thyrsaceum
780 2625 880 2654 vero
894 2613 928 2653 si
955 2612 998 2652 in
1024 2611 1155 2653 medio
1182 2614 1250 2651 aut
1277 2610 1319 2651 in
1347 2622 1426 2651 una
1452 2608 1577 2649 autin
