1682 2938
928 735 980 781 X.

666 852 1246 928 Vegetatio.

284 1013 391 1062 151.
457 1007 641 1059 Planta
674 1012 760 1057 aut
793 1014 868 1057 est
898 1027 1094 1060 annua
1127 1015 1212 1058 aut
1244 1007 1510 1072 biennis,
1538 1016 1623 1061 aut

475 1099 774 1163 perennis
806 1102 891 1147 aut
925 1095 1242 1148 fruticosa.

387 1243 449 1282 De
491 1241 540 1281 iis
578 1255 678 1295 quae
715 1243 765 1282 ad
798 1242 1069 1283 extensionem
1101 1255 1173 1282 seu
1214 1243 1380 1282 formam
1414 1242 1621 1294 pertinent,

278 1319 468 1369 diximus,
503 1323 587 1359 tum
614 1320 664 1359 de
692 1319 757 1370 iis,
792 1332 893 1373 quae
921 1320 972 1359 ad
1007 1319 1270 1360 intensionem
1298 1332 1371 1359 seu
1399 1319 1619 1372 qualitates,

276 1411 381 1442 nunc
409 1397 458 1437 de
485 1396 767 1436 mutationibus
796 1396 1005 1439 dicendum
1034 1396 1120 1437 erit.

381 1496 519 1538 Planta
545 1508 704 1537 annua
733 1500 804 1545 est,
833 1509 934 1549 quae
961 1497 1103 1537 eodem
1131 1509 1235 1535 anno
1265 1509 1286 1535 e
1314 1494 1462 1535 semine
1475 1495 1620 1547 prodit,
1676 1533 1682 1549 Ἰ,

274 1574 409 1623 floret,
437 1574 591 1614 fruetus
619 1574 697 1612 fert
725 1577 764 1612 et
791 1573 906 1625 perit.
963 1573 1084 1613 Varia
1113 1579 1242 1614 tamen
1271 1576 1331 1614 est
1358 1566 1544 1622 duratio,
1564 1572 1618 1612 ita
1679 1603 1682 1641 Ξ

277 1655 321 1691 ut
348 1650 448 1691 aliae
474 1662 626 1701 paucos
661 1654 811 1690 tantum
854 1650 938 1691 dies
973 1650 1125 1699 vivant,
1160 1649 1259 1690 aliae
1286 1649 1422 1701 plures
1450 1661 1616 1698 menses,

274 1726 341 1765 vix
381 1726 486 1765 ullae
522 1729 650 1766 totum
686 1739 843 1766 annum.
913 1727 1042 1778 Fungi
1079 1726 1237 1778 quidem
1275 1739 1426 1777 paucos
1463 1730 1615 1767 tantum

276 1803 360 1842 dies
387 1802 544 1850 vivunt,
581 1816 677 1842 cave
705 1807 853 1852 tamen,
887 1816 938 1842 ne
965 1803 1129 1843 thallum
1156 1803 1302 1842 diutius
1329 1802 1525 1842 viventem
1547 1815 1616 1841 nes

270 1880 403 1932 gligas,
431 1879 500 1932 qui
526 1880 798 1921 tantummodo
827 1881 977 1922 fructus
1004 1880 1235 1931 ephemeros
1262 1879 1425 1930 profert,
1481 1878 1616 1918 Facile
1673 1916 1675 1931 ᾗ

271 1958 313 2000 ἱζιι
339 1957 512 2009 plantam
534 1957 717 1997 biennem
731 1961 917 2005 mutatur,
945 1955 980 1995 si
1006 1955 1250 2008 impediatur,
1279 1969 1358 2011 quo
1386 1955 1513 1998 minus
1541 1956 1614 1994 flo-
1671 1991 1673 2021 5

1678 1641 1682 1678 ἕ

1677 1684 1680 1706 u

1673 1713 1680 1752 ’ἕ

1675 1817 1678 1837 i

1673 1886 1676 1909 {

270 2039 373 2083 reat,
409 2047 485 2073 nee
512 2033 566 2075 ita
593 2034 753 2077 difficile
778 2034 820 2077 in
846 2034 1018 2086 plantam
1046 2034 1342 2082 frutesoentem,
1382 2032 1613 2084 praesertim

269 2111 305 2154 si
333 2123 464 2152 ramos
499 2111 673 2151 recissos
706 2111 961 2164 plantaveris,
1003 2110 1162 2154 difficile
1201 2111 1242 2150 in
1269 2110 1442 2163 plantam
1469 2122 1611 2162 peren·
1664 2110 1670 2164 ξ

267 2201 370 2239 nem,
397 2201 474 2230 neo
501 2188 579 2229 nisi
605 2189 718 2228 r-adix
745 2201 885 2240 magna
912 2187 974 2227 sit.

377 2286 515 2329 Planta
542 2287 733 2329 biennis
760 2288 894 2340 prior-e
924 2300 1027 2329 anno
1046 2288 1165 2330 flores
1181 2287 1384 2326 fructusve
1410 2298 1491 2327 non
1517 2298 1610 2338 pro-

269 2364 358 2414 fert,
387 2364 458 2404 sed
477 2364 621 2413 altero,
650 2378 730 2418 quo
759 2366 875 2408 etiam
903 2365 1018 2417 perit.
1074 2363 1192 2406 Anno
1219 2363 1348 2415 primo
1375 2363 1610 2415 plerumque

268 2440 364 2481 solia
391 2445 543 2483 tantum
569 2443 734 2493 profert,
759 2456 832 2495 per
857 2443 1038 2496 hyemem
1057 2440 1311 2494 persistentia
1337 2453 1413 2479 neo
1440 2439 1604 2481 caulem.
1659 2492 1662 2498 1

267 2517 471 2559 Facillime
499 2517 539 2559 in
567 2531 715 2562 annuas
747 2525 966 2571 mutantur,
1008 2520 1065 2563 uti
1091 2518 1134 2562 in
1161 2517 1389 2563 cerealibus
1417 2517 1606 2569 videmuffi

266 2594 464 2638 difficilius
493 2595 534 2638 in
562 2609 769 2653 pei-ennea.

1665 2198 1669 2283 ἕ

1663 2338 1666 2363 ι

1658 2385 1665 2441 i

1657 2442 1663 2486 ¹!

1654 2502 1663 2590 Σἕ

1653 2596 1662 2683 ³2

1655 2686 1658 2744 i

1651 2859 1654 2900 ὲ

1650 2904 1669 2938 k.
