1682 2938
891 117 972 160 186

259 240 322 267 res
359 227 527 267 formam
561 226 746 266 antherae
781 241 804 268 e
839 229 966 269 forma
1002 229 1188 270 foliorum
1228 231 1409 271 derivare
1446 232 1602 274 studue-

257 309 360 344 runt.
415 303 483 343 Sic
512 304 771 345 Cassinius
798 306 988 356 pollinem
1017 320 1104 346 esse
1133 309 1397 359 parencbyma
1426 309 1529 358 folii,
1563 315 1602 350 et

256 381 356 421 rima
390 380 605 432 marginem
639 381 764 433 ipsius
798 383 952 434 putavit
993 384 1199 435 (opusc.
1237 385 1368 436 pliyt.
1405 386 1443 426 2.
1474 386 1601 437 529.)

256 458 356 498 Roe
366 470 516 510 perus
552 457 671 497 simili
698 460 818 499 modo
847 459 932 499 folii
959 473 1124 500 nervum
1152 461 1326 501 medium
1353 463 1602 511 remansisse,

256 535 432 588 reliquos
459 548 556 575 vero
585 548 732 575 nervos
761 537 977 586 evanuisse,
1004 539 1198 589 pollinem
1221 540 1323 579 intra
1338 541 1603 592 parenchyma

257 625 345 652 esse
380 616 555 661 enatum,
591 616 630 652 et
656 613 872 664 marginem
901 614 987 653 folii
1014 615 1152 655 rimam
1181 617 1424 657 constituere
1452 617 1603 667 (Enu-

256 702 365 729 mer.
395 689 530 740 Euph
542 689 639 729 orb.
668 688 757 738 44.)
786 697 932 740 censet,
961 705 1078 744 quem
1107 698 1264 732 secutus
1294 699 1354 733 est
1381 694 1602 745 E.Meye-

258 779 339 806 rus
385 766 484 815 (De
523 767 791 819 Houttuyn.
829 766 928 817 25.)
989 768 1076 808 Nec
1110 770 1423 810 Bischoffius
1459 783 1602 821 repug-

256 848 343 893 nat,
382 848 426 882 ut
450 844 588 882 rimam
624 856 706 883 non
744 856 831 883 esse
865 845 1081 897 marginem
1110 847 1195 886 folii
1230 852 1342 899 putat
1369 848 1438 886 sed
1465 847 1600 898 potius

256 922 358 960 inter
386 919 581 971 margines
617 920 658 960 in
696 921 907 972 superficie
935 922 1093 963 loculos
1129 924 1292 963 formari
1334 924 1533 974 (Lehrb.
1563 924 1599 962 d.

255 1000 361 1039 Bot.
390 996 426 1037 1.
456 997 584 1045 334.)
641 997 814 1036 Loculos
843 998 1112 1048 antherarum,
1145 1001 1383 1052 marginibus
1411 1001 1600 1040 foliorum

257 1074 479 1116 convolutis
515 1073 684 1124 produci
710 1074 1082 1124 Engelmannus
1121 1076 1195 1126 (D.
1225 1079 1484 1130 antholysi
1512 1077 1600 1127 60.)

254 1152 447 1204 perhibet.
503 1150 697 1203 Equidem
722 1150 842 1190 hasce
871 1153 1156 1203 explicationes
1191 1153 1305 1193 nimis
1332 1155 1601 1206 hypotheticas

255 1233 295 1269 et
323 1230 406 1268 fere
434 1227 684 1267 mechanicas
702 1227 881 1268 dixerim.
917 1230 992 1268 Ubi
1018 1231 1194 1282 petalum
1222 1245 1244 1271 e
1272 1231 1436 1271 stamine
1463 1230 1601 1279 oritur,

254 1306 399 1345 lamina
426 1304 650 1357 petaloidea
678 1317 700 1343 e
728 1305 930 1345 filamento
961 1309 1168 1356 excrescit,
1200 1308 1517 1348 connecticulum
1545 1307 1602 1346 di-
1639 1305 1661 1330 -'

254 1383 401 1423 latatur
438 1387 478 1422 et
512 1386 766 1431 extenuatur,
811 1384 974 1423 anthera
1008 1398 1105 1424 vero
1141 1386 1191 1424 ad
1224 1385 1326 1425 latus
1361 1388 1599 1432 removetur,

256 1460 325 1500 ubi
352 1459 592 1508 diminuitur,
621 1459 750 1498 donec
765 1465 915 1511 pereat.
942 1460 1060 1501 Nova
1086 1462 1206 1513 igitur
1234 1467 1294 1502 est
1322 1461 1505 1502 formatio
1533 1474 1601 1500 an-

255 1539 400 1586 therae,
426 1537 520 1576 loco
549 1535 635 1575 folii
663 1540 731 1575 aut
757 1537 891 1587 potius
918 1537 1011 1578 loco
1028 1539 1195 1579 laminae
1212 1539 1299 1579 folii
1324 1544 1472 1589 enatae,
1500 1552 1601 1592 quae

256 1628 346 1654 cum
375 1614 461 1655 folii
488 1617 689 1652 structura
719 1613 875 1653 interna
901 1615 968 1654 vix
997 1616 1143 1669 aliquid
1172 1630 1379 1656 commuue
1395 1617 1521 1656 habet.
1557 1616 1601 1655 Si

255 1691 409 1732 corolla
436 1695 650 1742 personata
671 1690 850 1730 Linariae
871 1692 912 1730 in
940 1693 1138 1733 Peloriam
1165 1695 1276 1743 redit,
1307 1693 1532 1745 explanatio
1562 1697 1602 1732 et

255 1770 395 1810 divisio
422 1768 618 1808 labiorum
646 1767 833 1806 facillima
862 1773 966 1809 esset
982 1771 1198 1819 methodus,
1226 1771 1420 1809 corollam
1449 1771 1499 1809 ad
1525 1774 1602 1809 sta-

257 1852 339 1887 tum
367 1845 587 1898 regularem
614 1845 839 1894 reducendi,
867 1850 906 1885 at
935 1846 1091 1886 minime
1111 1848 1188 1887 hoc
1205 1848 1323 1887 modo
1339 1847 1487 1886 reditus
1514 1847 1600 1885 fieri

255 1925 377 1973 solet,
418 1923 490 1963 sed
522 1921 699 1974 palatum
733 1922 941 1975 quinquies
976 1924 1187 1975 repetitur,
1229 1924 1402 1977 quinque
1431 1923 1601 1962 calcaria

255 2002 439 2042 oriuntur
466 2004 504 2039 et
531 2013 637 2040 nova
664 1999 780 2050 plane
810 2000 962 2040 corolla
989 2001 1191 2041 formatur.
1228 2024 1279 2032 -
1319 2000 1599 2052 Agardhius
1672 1998 1676 2003 “

256 2079 440 2119 antheras
471 2091 492 2116 e
522 2078 673 2116 duabus
699 2077 856 2130 laminis
886 2091 974 2117 esse
1010 2079 1250 2130 compositas
1276 2078 1368 2117 hinc
1393 2091 1414 2117 e
1444 2077 1598 2117 duobus

256 2156 364 2196 foliis
389 2155 589 2195 filamenta
615 2154 789 2206 ipsarum
817 2160 931 2195 enata
956 2160 1088 2207 putat;
1128 2161 1279 2196 stamen
1306 2156 1426 2207 igitur
1453 2154 1509 2192 uti
1537 2167 1602 2192 ru-

257 2234 474 2273 dimentum
503 2246 680 2284 gemmae
711 2232 951 2281 considerat,
980 2233 1020 2272 in
1048 2233 1177 2273 axillis
1212 2233 1440 2285 phyllorum
1469 2231 1600 2271 corol-

258 2312 322 2350 lae
350 2314 418 2349 aut
457 2310 604 2361 calycis
639 2314 822 2350 exortum
862 2310 1032 2358 (Essai
1066 2323 1096 2350 s.
1125 2311 1151 2350 l.
1182 2309 1600 2362 deneloppement

260 2384 521 2428 interieur.
546 2388 583 2426 d.
610 2387 807 2438 plantes
835 2387 900 2427 89.
938 2389 1208 2439 Organogr.
1242 2386 1335 2426 331.
1362 2386 1455 2427 378.
1484 2385 1599 2436 450.)

260 2467 325 2506 cui
339 2467 371 2505 E
382 2464 613 2504 ndlicher
639 2465 700 2504 vir
714 2464 994 2509 celeberrimus
1010 2464 1176 2504 assentit
1197 2463 1431 2514 (Linnaea
1448 2464 1484 2504 7.
1500 2463 1598 2511 28.)

260 2543 314 2584 At
342 2555 517 2595 gemmae
545 2541 652 2582 foliis
681 2542 721 2581 in
749 2555 920 2595 quorum
948 2541 1077 2581 axillis
1106 2540 1357 2590 exoriuntur,
1393 2540 1598 2594 oppositae
