1682 2938
920 139 1005 182 302

293 245 427 286 locum
454 244 591 296 habet,
631 231 808 289 vitellum
842 262 932 291 cum
960 251 1234 293 Gaertnero
1268 255 1512 307 vocaverim,
1554 270 1633 311 quo

293 323 452 363 nomine
487 335 624 364 omnes
666 325 929 367 excluduntur
968 329 1220 380 hypotheses.
1294 331 1399 372 Dum
1443 335 1635 385 germinat

293 413 447 450 semen,
485 401 714 442 caudiculus
744 403 784 443 in
811 409 962 455 partem
990 405 1218 446 filiformem
1244 407 1449 460 elongatur
1477 423 1633 452 sursum

290 491 364 529 per
392 479 570 518 foramen
597 479 708 518 nucis
744 485 955 521 exeuntem
991 487 1034 522 et
1060 484 1304 536 squamulam
1333 499 1433 538 quae
1460 488 1535 539 ipsi
1562 488 1633 528 im-

290 555 419 607 posita
452 559 512 595 est
546 568 681 595 secum
717 556 937 598 ducentem.
1003 560 1106 598 Tum
1142 561 1191 599 ad
1235 575 1436 613 squamam
1479 578 1632 616 gemma

289 632 418 672 oritur
450 636 568 685 atque
599 632 836 683 explicatur,
885 635 981 674 folia
1023 636 1136 675 initio
1173 639 1381 688 proferens
1419 653 1441 679 e
1469 642 1629 692 petiolis

288 708 385 749 solis
412 709 559 761 absque
587 707 759 757 laminis,
788 714 927 761 postea
954 724 1050 751 vero
1079 713 1314 764 laminifera,
1341 721 1386 755 ut
1414 717 1454 756 in
1482 719 1631 770 aquati-

287 786 376 825 ticis
413 798 446 827 e.
474 798 510 837 g.
539 785 850 837 Potamogetone
885 786 1049 841 aliisque
1085 789 1171 828 fieri
1203 790 1317 830 solet.
1379 793 1516 834 Planta
1551 795 1628 834 hoc

285 863 406 903 modo
437 875 459 901 e
486 875 638 914 gemma
662 870 775 901 enata
790 876 862 914 per
887 864 1067 904 stolones
1095 871 1343 918 propagatur.
1385 870 1489 910 Vide
1505 872 1626 911 Titt-

285 939 442 980 manni
479 951 580 990 opus
618 939 820 979 eximium:
863 940 954 980 Die
983 941 1222 994 Keimung
1257 944 1342 983 der
1374 947 1623 988 Pflanzen.

285 1017 429 1056 Dresd.
472 1014 591 1056 1821.
631 1029 669 1067 p.
691 1014 756 1057 38.
785 1020 811 1056 t.
826 1016 864 1057 5.
921 1017 966 1056 In
1009 1018 1274 1069 explicatione
1315 1021 1624 1065 Bernhardio

284 1093 334 1144 (1.
364 1106 398 1133 c.
428 1092 542 1143 580.)
569 1093 783 1143 assentior,
819 1094 928 1147 quod
954 1094 1111 1135 vitellus
1139 1096 1190 1136 sit
1219 1098 1431 1149 cotyledon
1457 1104 1525 1139 aut
1551 1114 1625 1152 po-

283 1170 364 1211 tius
391 1182 520 1210 massa
547 1170 841 1221 cotyledonaris
868 1171 909 1211 in
937 1172 1186 1212 caudiculum
1214 1174 1361 1224 exiens,
1387 1176 1454 1228 qui
1468 1189 1624 1229 semper

284 1247 526 1288 considerari
553 1251 687 1300 potest
714 1248 773 1287 uti
800 1248 972 1299 petiolus
989 1249 1291 1302 cotyledonaris.
1329 1252 1500 1305 Squama
1524 1266 1622 1294 vero

282 1325 324 1365 in
351 1324 559 1365 caudiculo
586 1324 710 1364 altera
736 1337 818 1365 non
847 1330 906 1365 est
934 1326 1151 1377 cotyledon
1188 1328 1245 1367 uti
1278 1329 1416 1369 volunt
1451 1330 1622 1371 Gaert-

280 1414 447 1451 nerus,
475 1401 764 1450 Mirbelius‚
791 1402 1066 1443 Richardus
1094 1408 1134 1443 et
1160 1404 1246 1456 ipse
1270 1405 1620 1457 Bernhardius,

280 1479 352 1520 sed
380 1484 441 1520 est
466 1482 707 1531 tegmentum
734 1492 926 1531 gemmam
953 1479 1119 1520 fulciens
1147 1485 1187 1520 et
1203 1481 1389 1523 indicans.
1424 1484 1490 1523 Uti
1518 1484 1620 1524 enim

280 1557 324 1596 in
350 1556 501 1608 petiolo
532 1555 806 1606 cotyledonari
828 1557 1073 1608 Corydaleos
1102 1558 1218 1598 tuber
1244 1572 1316 1599 seu
1344 1573 1502 1600 cormus
1531 1574 1620 1601 ena-

278 1633 403 1673 scitur
429 1633 601 1685 plantam
627 1646 869 1685 propagans,
903 1633 961 1673 sic
994 1634 1036 1673 in
1063 1635 1194 1687 Trapa
1221 1649 1373 1688 gemma
1400 1637 1522 1688 magis
1551 1650 1620 1677 ex-

277 1710 424 1762 plicata
451 1709 588 1749 oritur.
644 1710 819 1749 Massam
848 1710 1171 1761 cotyledonarem
1199 1725 1221 1752 e
1247 1714 1397 1753 duabus
1413 1714 1618 1765 cotyledo-

277 1788 393 1828 nibus
422 1786 795 1827 conferruminatam
823 1788 974 1837 credas,
1002 1792 1042 1828 et
1063 1789 1309 1829 caudiculum
1336 1803 1453 1842 quem
1480 1803 1619 1830 surcu-

277 1863 402 1904 larem
428 1876 552 1913 voco,
586 1876 608 1903 e
636 1864 790 1903 duobus
819 1864 1082 1904 coadunatum
1109 1866 1279 1916 petiolis,
1308 1867 1378 1907 sed
1404 1880 1486 1907 non
1514 1881 1615 1919 opus
1648 1889 1658 1901 =

278 1945 357 1989 est;
385 1941 548 1992 embryo
574 1940 678 1980 enim
693 1940 742 1980 ad
758 1940 939 1981 evolutos
956 1941 1128 1993 pertinet
1146 1943 1197 1982 ob
1214 1955 1416 1996 squamam
1432 1944 1614 1984 manifes-

277 2021 356 2058 tam
386 2029 564 2070 gemmae
592 2017 873 2058 iudicatricem.

382 2148 499 2188 Ratio
528 2162 599 2188 cur
626 2162 792 2189 massam
820 2162 842 2189 e
871 2162 948 2202 qua
983 2149 1211 2190 caudiculus
1243 2151 1323 2190 exit
1359 2151 1612 2202 cotyledone-

271 2237 357 2265 rem
385 2225 551 2265 dixerim
580 2227 621 2265 in
649 2239 697 2266 eo
725 2227 855 2277 posita
882 2231 953 2275 est,
982 2226 1088 2279 quod
1112 2227 1151 2265 in
1166 2228 1384 2279 Dicotyleis
1411 2242 1493 2269 non
1520 2242 1611 2269 raro

271 2302 367 2355 quin
395 2303 622 2354 saepissime
652 2303 911 2354 cotyledones
939 2303 1051 2343 initio
1078 2304 1181 2343 intra
1207 2308 1346 2344 testam
1374 2310 1611 2355 remaneant,

271 2379 517 2420 caudiculus,
535 2392 632 2419 vero
663 2385 791 2430 exeat,
826 2393 944 2434 saepe
971 2385 1031 2420 sat
1063 2382 1183 2433 longo
1221 2381 1359 2421 itinere
1387 2383 1437 2422 ad
1464 2387 1608 2422 terram

268 2460 498 2508 procrescat
512 2456 615 2495 intra
634 2457 735 2497 hanc
751 2458 945 2499 radiculas
964 2461 1062 2511 agat,
1089 2471 1169 2512 quo
1198 2459 1303 2499 facto
1332 2459 1490 2499 demum
1517 2473 1609 2499 cau-

270 2533 424 2572 diculus
453 2534 635 2585 erigitur,
679 2534 883 2575 elevantur
911 2537 1171 2588 cotyledones
1199 2541 1240 2576 et
1268 2535 1465 2576 excutitur
1492 2539 1605 2576 testa.

268 2608 352 2650 Fac
380 2609 638 2664 cotyledones
655 2623 913 2653 concrescere
941 2617 982 2654 et
1008 2613 1244 2665 gemmulam
1270 2613 1400 2666 perire
1427 2612 1604 2665 plantula
