1682 2938
908 125 993 169 360

282 247 371 276 nes
406 235 680 288 experimento
714 236 907 290 probavit.
978 236 1107 278 Multa
1147 239 1414 290 experimenta
1457 239 1506 280 de
1547 240 1621 281 hac

283 313 420 365 planta
461 313 668 354 instituere
709 315 872 367 nuperis
915 316 1158 367 temporibus
1197 316 1430 367 praesertim
1463 317 1622 369 Goep-

282 393 412 442 pert,
439 390 605 442 Mayo,
637 392 851 444 Lindsay
879 396 919 433 et
946 393 1242 432 Dutrochet.
1297 394 1342 432 In
1368 393 1471 434 vasis
1499 394 1623 446 spira-

283 465 389 506 libus
419 471 457 506 et
483 469 814 521 proseuchymate
843 483 1001 510 causam
1027 469 1150 509 latere
1177 468 1307 509 necin
1319 471 1623 523 parenchymate

284 543 486 584 exteriore
512 546 743 596 praesertim
771 546 999 595 incrassato,
1027 559 1103 586 nec
1131 546 1171 585 in
1199 546 1309 586 fluidi
1336 547 1537 599 cujusdam
1564 548 1624 587 in-

285 620 392 659 flexu
419 620 460 660 in
488 621 650 662 cellulas
679 623 793 663 facile
820 624 1037 676 perspicies
1059 623 1094 663 si
1110 623 1366 663 circumcirca
1389 623 1529 664 incidis
1553 636 1625 663 no-

273 678 380 736 *dum
406 698 546 749 petioli
572 702 617 738 ut
649 703 782 751 guttae
810 701 990 749 effluant,
1037 699 1175 740 folium
1203 700 1347 741 decidit
1369 701 1527 755 quidem
1553 701 1626 741 sed

283 786 379 813 mox
408 775 572 826 erigitur
605 779 644 814 et
670 780 802 816 motus
831 777 1004 816 ostendit
1030 781 1075 817 ut
1103 781 1226 818 antea.

392 851 556 891 Lentius
590 857 800 892 moventur
837 853 932 893 folia
963 853 1159 893 Mimosae
1194 858 1413 906 asperatae,
1467 855 1626 895 sensiti-

283 940 357 967 vae
395 932 469 967 etc.
539 928 584 968 Si
625 930 768 981 pagina
806 930 991 982 superior
1032 930 1121 970 folii
1158 930 1334 970 Dioneae
1375 932 1624 984 Muscipulae

283 1003 546 1045 instrumento
583 1012 700 1046 acuto
739 1007 913 1046 irritatur
946 1005 1112 1058 paginae
1140 1006 1357 1058 superioris
1384 1007 1508 1047 latera
1535 1021 1624 1048 sese

285 1081 488 1132 colligunt.
553 1083 615 1123 De
649 1087 763 1123 motu
796 1084 1005 1123 staminum
1037 1083 1220 1123 Berberis
1250 1085 1333 1135 jam
1370 1084 1518 1124 dictum
1552 1090 1623 1125 est.

286 1157 437 1198 Valvae
475 1160 659 1212 capsulae
693 1160 936 1212 Impatientis
969 1159 1227 1212 Nolitangere
1263 1165 1436 1201 semotae
1470 1162 1627 1202 fortiter

284 1247 374 1275 sese
402 1237 640 1277 contrahunt
667 1242 778 1277 motu
805 1241 867 1278 sat
893 1237 996 1278 forti.
1034 1238 1113 1277 Sed
1130 1242 1260 1277 motus
1284 1238 1531 1291 capsularum
1549 1239 1627 1278 Eu-

284 1313 494 1365 phorbiae,
519 1315 652 1354 Hurae
685 1315 914 1366 crepitantis
943 1319 1017 1355 etc.
1046 1315 1296 1356 mechanicae
1325 1321 1428 1366 sunt,
1455 1315 1515 1358 uti
1539 1329 1626 1358 mo-

286 1394 349 1430 tus
376 1390 586 1431 staminum
614 1391 852 1433 Parietariae
881 1396 956 1433 etc.

285 1572 392 1619 155.
473 1555 701 1628 Quaevis(
744 1591 864 1638 pars
910 1573 1111 1639 plantae
1163 1591 1254 1640 per
1308 1592 1363 1624 sc
1410 1577 1527 1623 vivit
1578 1578 1627 1623 et

477 1663 698 1708 moritur.

394 1802 439 1842 Si
465 1804 614 1843 nodum
637 1803 773 1856 petioli
789 1805 983 1846 Mimosae
998 1806 1166 1858 pudicae
1184 1805 1391 1854 exscindis,
1415 1809 1460 1845 ut
1487 1804 1627 1845 folium

283 1879 439 1920 decidat
477 1894 553 1921 nec
595 1881 769 1934 erigatur
813 1883 951 1923 foliola
982 1886 1193 1924 moventur
1228 1895 1275 1922 ac
1317 1882 1352 1922 si
1390 1882 1528 1935 planta
1570 1882 1627 1922 nil

283 1969 402 2009 passa
430 1962 544 1998 esset.

393 2034 437 2074 Si
463 2039 619 2087 partem
645 2039 775 2077 terrae
804 2037 1014 2078 committis
1042 2050 1142 2090 quae
1168 2049 1264 2077 vasa
1290 2035 1488 2088 spiroidea
1509 2037 1627 2078 habet

284 2114 325 2151 et
351 2113 614 2165 parenchyma
642 2118 682 2153 et
708 2127 792 2154 non
819 2115 936 2154 nimis
962 2114 1092 2154 tenuis
1121 2117 1199 2164 est,
1233 2117 1278 2154 ut
1305 2113 1422 2153 facile
1451 2126 1627 2154 corrum-

282 2192 411 2241 patur,
438 2203 582 2230 novam
608 2191 808 2243 progignit
834 2191 1018 2243 plantam.

393 2265 437 2306 Si
462 2268 677 2321 quamlibet
702 2272 855 2322 partem
883 2268 1098 2317 abscindis,
1127 2279 1210 2308 non
1235 2266 1338 2322 perit
1364 2267 1508 2321 planta.

828 2443 1091 2452 ...mn-‹—
