1682 2938
894 119 975 162 174

266 230 399 272 multis
426 242 462 269 e.
491 241 527 280 g.
558 228 679 278 LiliO,
716 230 876 282 Tulipa,
911 231 1083 281 Beseda,
1125 233 1230 273 Ruta
1258 237 1354 283 ete„
1397 239 1463 274 aut
1495 237 1607 287 apice
1676 276 1677 283 ,

261 321 347 348 non
373 309 584 354 attenuato,
613 311 658 345 ut
680 306 721 345 in
744 307 915 347 Labiatis
942 308 1121 359 plurimis
1150 310 1325 363 aliisque,
1355 317 1422 351 aut
1451 313 1609 352 tandem
1663 318 1682 363 ’ς

262 384 459 437 geniculo,
487 382 652 422 notabili
680 383 862 436 exemplo
885 385 925 424 in
943 385 1085 426 Salvia.
1142 387 1222 426 Aut
1248 401 1374 439 prope
1402 388 1512 428 basin
1540 402 1609 428 an-
1681 378 1682 406 3

262 463 398 503 thetae
426 461 573 500 inserta
599 465 701 509 sunt,
730 466 798 500 aut
825 461 865 500 in
893 462 1043 511 medio,
1073 468 1141 504 aut
1168 477 1307 504 versus
1335 465 1498 516 apicem.

370 599 432 638 De
470 597 589 637 crista
624 598 807 638 antherae
841 591 1031 639 Pinorum
1066 614 1187 652 supra
1217 601 1299 651 jam
1343 601 1491 641 dictum
1537 607 1607 641 est.

262 677 360 716 Esse
389 687 590 727 squamam
618 675 762 714 amenti
791 680 984 715 testantur
1012 690 1170 729 quoque
1192 677 1319 716 lineae
1349 678 1448 716 duae
1479 677 1609 717 eleva-

261 759 325 793 tae
352 753 395 791 in
411 751 521 791 rachi
537 751 585 790 ad
600 751 725 802 ipsam
743 752 943 801 ducentes,
960 753 1083 793 altera
1104 767 1271 802 sursum,
1301 754 1425 792 altera
1442 755 1607 794 deorum
1668 778 1670 780 v

261 842 398 878 versa,
440 828 545 867 unde
595 832 719 879 patet,
775 829 977 869 antheram
1017 844 1105 870 esse
1149 831 1351 883 propriam
1392 834 1543 881 partem
1585 844 1607 869 a

262 905 384 945 crista
409 905 469 945 sic
496 904 601 944 dicta
630 905 838 945 diversam.

372 1014 580 1054 Filamenti
614 1018 815 1053 structura
851 1015 1018 1066 simplex
1057 1021 1128 1055 est.
1198 1017 1383 1056 Decurrit
1418 1030 1491 1068 per
1526 1031 1607 1056 me-

262 1091 371 1130 dium
400 1091 613 1131 fasciculus
641 1104 827 1131 vasorum
855 1091 1089 1144 plerumque
1125 1092 1347 1143 spiralium‚
1388 1095 1607 1145 parenchy-

262 1174 366 1208 mate
393 1168 532 1208 stricto
562 1168 735 1218 cinctus,
774 1170 888 1220 cujus
918 1167 1086 1208 cellulae
1113 1181 1252 1208 versus
1281 1169 1464 1209 ambitum
1490 1171 1606 1210 latio-

262 1258 327 1284 res
356 1249 395 1284 et
422 1245 624 1285 breviores
661 1246 780 1294 fiunt,
823 1246 865 1285 in
900 1245 1124 1298 peripheria
1156 1258 1253 1285 vero
1290 1245 1432 1286 iterum
1465 1247 1606 1299 longae

265 1326 383 1375 atque
419 1327 619 1374 angustae.
675 1323 818 1363 Rarius
855 1336 929 1362 nec
965 1323 1043 1362 nisi
1080 1336 1169 1362 cum
1205 1323 1433 1375 longissima
1467 1329 1507 1364 et
1541 1337 1609 1364 ex-

265 1403 372 1439 serta
399 1399 558 1449 suerint,
585 1400 779 1440 stomatiis
807 1400 986 1452 praedita
1012 1399 1275 1439 inveniuntur.
1478 1383 1485 1390 Β

370 1514 529 1566 Duplex
566 1519 626 1559 est
661 1515 960 1568 anamorphosis
1005 1515 1207 1555 fflamenti.
1276 1517 1357 1556 Aut
1401 1495 1608 1556 carnosum

263 1592 307 1631 fit
336 1595 375 1631 et
404 1604 599 1640 crassum,
645 1597 690 1632 ut
718 1592 759 1632 in
787 1592 1086 1632 Cucurbitaceis
1123 1592 1346 1643 permultis,
1390 1596 1457 1632 aut
1490 1597 1608 1632 tenue

265 1674 304 1708 et
330 1669 690 1718 membranaceum,
728 1670 835 1721 quod
861 1670 1128 1720 petaloideum
1155 1683 1300 1710 vocare
1327 1669 1488 1721 poteris.
1545 1670 1609 1708 Fi-
1665 1709 1667 1712 ,

262 1746 477 1786 lamentum
505 1758 588 1784 non
624 1746 752 1785 solum
788 1745 1013 1785 luxuriante
1049 1746 1311 1795 incremento,
1353 1748 1423 1786 sed
1451 1759 1610 1799 quoque

265 1823 392 1862 forma
419 1822 582 1874 propria
599 1822 867 1873 petaloideum
894 1823 947 1862 fit.
1006 1823 1106 1862 Tum
1134 1823 1295 1862 anthera
1322 1828 1388 1862 aut
1414 1823 1456 1861 in
1484 1823 1608 1862 altero

265 1899 388 1938 latere
417 1899 560 1938 adnata
590 1899 834 1951 conspicitur
861 1897 1037 1950 (Canna)
1067 1904 1105 1939 et
1133 1900 1290 1952 quidem
1317 1899 1609 1939 subunilocula-

263 1976 330 2024 ris,
362 1975 505 2015 loculis
534 1977 688 2015 duobus
717 1977 758 2015 in
786 1990 907 2016 unum
936 1976 1147 2016 contractis
1165 1977 1270 2029 quod
1290 1978 1411 2028 raphe
1429 1981 1607 2026 testatur,

263 2058 332 2092 aut
348 2053 388 2091 in
403 2057 573 2105 utroque
589 2053 714 2093 latere
730 2053 908 2105 singulus
924 2054 1078 2094 loculus
1086 2055 1261 2103 adnatus,
1272 2055 1364 2093 dum
1379 2054 1504 2094 latera
1515 2066 1608 2093 con-

262 2130 409 2178 nivent,
418 2131 619 2169 antheram
628 2130 730 2170 sistit
737 2131 937 2183 integram.
964 2131 1098 2182 Stylus
1106 2144 1178 2183 per
1187 2132 1321 2170 tubum
1331 2131 1388 2170 sic
1399 2131 1609 2170 formatum

263 2206 414 2245 transit.
470 2207 579 2246 Haec
606 2208 816 2247 staminum
842 2212 1040 2247 structura
1061 2207 1302 2259 Alpiniaceis
1332 2207 1506 2247 solennis
1535 2211 1606 2247 est.

266 2282 472 2333 Ejusmodi
500 2284 700 2324 filamenta
734 2285 930 2325 interdum
967 2286 1202 2336 appendices
1237 2284 1420 2324 laterales
1455 2285 1608 2334 habent,

264 2362 308 2398 ut
334 2358 377 2398 in
407 2358 573 2413 Globba.
629 2362 674 2401 ln
703 2362 856 2414 apicem
883 2362 1043 2401 bifidum
1074 2366 1113 2402 et
1140 2361 1373 2401 multifidum
1407 2374 1489 2400 non
1517 2374 1608 2400 raro

267 2440 525 2485 excrescunt,
565 2438 633 2490 qui
672 2439 791 2479 crista
826 2439 962 2479 vocari
998 2439 1111 2478 solet.
1180 2438 1387 2478 Structura
1421 2438 1609 2478 filamenti

268 2512 483 2563 petaloidei
513 2515 650 2554 eadem
680 2522 749 2566 est,
779 2529 879 2569 quae
908 2515 1092 2566 corollae,
1119 2497 1249 2556 nervis
1276 2515 1428 2555 scilicet
1450 2514 1609 2563 teneris,

268 2602 349 2629 non
388 2603 480 2630 raro
528 2592 713 2641 ramosis,
753 2592 1113 2644 deliquescentibus
1151 2591 1393 2631 instructum.
1455 2590 1607 2631 Poteris
