1682 2938
1638 2 1645 59 ,1
1655 0 1682 53 ,3

895 143 978 183 274

1644 130 1682 215 st

275 253 339 293 sis.
395 252 523 303 Hujus
551 264 708 304 quoque
744 257 786 291 ut
821 253 861 291 in
889 253 987 291 flore
1016 252 1113 291 varii
1142 256 1234 291 sunt
1262 254 1415 303 gradus.
1470 254 1609 304 Incipit
1679 241 1681 258 ³

1679 297 1682 319 ἲ

275 330 324 369 de
358 328 680 380 multiplicatione
716 329 1070 368 loculamentorum
1106 334 1261 380 praeter
1300 330 1470 369 solitum.
1533 330 1610 368 Sed

276 419 366 445 raro
394 405 434 445 id
449 405 599 454 accidit,
629 405 722 458 quin
739 405 948 454 rarissime,
977 406 1122 454 forsan,
1153 406 1203 445 ob
1222 406 1482 445 difficiliorem
1506 419 1611 444 com·
1681 443 1682 446 ,

277 482 528 534 positionem.

385 570 538 609 Primus
566 574 610 608 ut
636 571 688 609 ita
716 570 841 609 dicam
869 582 1008 621 passus
1044 571 1299 621 retrogradus
1331 575 1390 610 est
1424 571 1463 609 in
1491 574 1614 610 muta-

278 647 384 686 tione
414 646 632 699 germinum
659 645 701 685 in
730 646 894 685 stamina
912 646 960 685 de
989 659 1065 698 qua
1093 659 1136 685 re
1164 659 1282 698 supra
1310 647 1376 685 ubi
1405 648 1452 686 de
1481 648 1615 686 anthe·
1652 638 1654 642 ’

281 724 335 763 ris
364 736 494 774 sermo
524 722 606 772 fuit,
635 723 782 761 dictum
811 727 880 762 est.
920 762 927 768 „

348 831 351 834 >
390 811 491 849 Tum
525 809 662 849 valvae
700 813 935 849 excrescunt
969 814 1009 849 et
1043 810 1084 849 in
1121 811 1216 850 folia
1251 812 1427 850 redeunt.
1500 811 1618 863 Quod

282 886 440 939 quidem
467 886 662 925 interdum
690 886 941 925 observatum
970 890 1041 935 est,
1068 887 1126 925 uti
1153 899 1271 938 supra
1298 888 1529 927 monuimus.
1573 888 1617 925 In

285 962 385 1002 Citri
411 962 539 1012 pomis
565 974 648 1001 non
675 975 767 1001 raro
796 963 1089 1013 producuntur,
1125 963 1352 1013 graciliores
1379 965 1494 1012 fiunt,
1524 976 1618 1003 con-

285 1042 540 1090 torquentur,
569 1038 731 1089 singulis
758 1044 825 1077 aut
852 1039 1031 1090 pluribus
1057 1039 1331 1079 loculamentis
1359 1040 1621 1080 excrescenti-

285 1115 358 1154 bus
386 1115 573 1165 (J‘agelg
602 1115 714 1155 Ueb.
742 1115 988 1155 Missbild.
1016 1130 1054 1167 p.
1074 1115 1195 1166 196.)

397 1201 566 1241 Connati
591 1214 674 1241 non
701 1215 792 1242 raro
821 1207 1012 1255 apparent
1040 1204 1201 1243 fructus.
1239 1203 1291 1243 At
1306 1204 1537 1255 plerumque
1567 1208 1624 1242 est

288 1283 516 1318 monstrosa
551 1278 711 1329 partitio
748 1293 848 1331 quae
884 1293 907 1319 a
933 1281 1159 1331 pedunculo
1195 1280 1450 1332 subbipartito
1486 1280 1624 1331 incipit

288 1359 333 1395 ut
360 1355 401 1394 in
428 1355 709 1407 Lycopersico.
766 1356 845 1395 Sed
872 1369 1012 1396 revera
1039 1357 1098 1396 uti
1125 1358 1263 1405 flores,
1305 1358 1363 1396 sic
1393 1357 1541 1396 fructus
1568 1357 1624 1396 vi-

290 1432 400 1472 debis
438 1435 630 1472 connatos
666 1432 707 1471 in
744 1433 883 1472 eodem
912 1435 1194 1485 Lycopersico.
1250 1434 1492 1473 Naturaliter
1533 1447 1625 1473 con-

290 1514 405 1549 natos
433 1510 584 1548 fructus
611 1509 745 1549 videre
771 1509 864 1550 licet
892 1511 932 1549 in
959 1511 1161 1550 Loniceris
1188 1510 1428 1563 quibusdam.

402 1597 575 1636 Fructus
602 1603 863 1648 praegnantes
891 1602 1094 1648 vocantur,
1123 1598 1189 1651 qui
1203 1598 1320 1637 alium
1338 1599 1506 1638 fructum
1535 1611 1627 1638 con·
1654 1638 1656 1641 ,

293 1673 429 1713 tinent.
500 1673 694 1712 Oriuntur
739 1674 834 1712 novi
883 1676 1032 1714 fructus
1074 1687 1231 1726 semper
1271 1675 1310 1713 in
1359 1689 1432 1715 axe
1475 1676 1627 1715 fructus
1657 1692 1660 1694 ·

293 1749 416 1800 magis
456 1750 635 1789 minusve
671 1750 839 1800 perfecti
885 1755 923 1789 et
965 1751 1141 1790 exterior
1176 1752 1327 1790 fructus
1370 1753 1523 1791 clausus
1564 1756 1631 1791 aut
1662 1786 1667 1797 ,

295 1838 465 1877 superne
495 1830 655 1877 apertus
685 1830 754 1865 est.
811 1826 874 1865 Ad
908 1827 1156 1878 imperfectas
1192 1827 1391 1878 pertinent
1425 1828 1630 1878 prolifera-

295 1902 424 1942 tiones
452 1902 497 1952 (J
504 1915 661 1954 aeger.
690 1902 867 1955 p.*218.).

403 1979 595 2019 Fructum
624 1992 674 2018 ex
702 1980 813 2031 apice
842 1979 940 2019 alius
969 1980 1164 2019 interdum
1199 1980 1390 2031 prodiisse
1417 1981 1544 2019 visum
1574 1985 1634 2020 est

296 2055 511 2106 (Jaeger.
541 2056 569 2096 l.
599 2055 673 2106 c.).

406 2131 577 2171 Fructus
619 2133 815 2172 interdum
859 2146 1009 2172 ramum
1050 2133 1256 2172 florentem
1300 2134 1421 2184 magis
1458 2134 1661 2176 minusvez

297 2208 516 2259 perfectum
545 2214 733 2248 exserunt
761 2215 800 2249 et
828 2210 984 2262 quidem
1007 2223 1028 2248 e
1046 2210 1255 2249 columella
1282 2211 1332 2260 (J
1340 2223 1495 2261 aeger.
1510 2210 1634 2260 225.)
1658 2205 1669 2253 ’,τ

299 2283 473 2323 Germen
502 2284 620 2325 Girsii
655 2286 696 2325 in
723 2287 989 2337 pedunculum
1018 2286 1179 2335 abiisse,
1214 2300 1389 2338 puppum
1418 2287 1458 2326 in
1485 2287 1662 2338 perica«

298 2360 470 2410 lamium,
500 2361 629 2412 stylus
656 2365 697 2401 in
725 2363 914 2412 bracteas,
943 2362 1094 2402 corolla
1121 2376 1201 2403 non
1229 2367 1385 2412 mutata,
1414 2364 1636 2404 observavit
1662 2358 1664 2360 V

301 2426 560 2477 Cassinius
588 2439 849 2498 (soma-d.
878 2440 1018 2491 Phys.
1041 2439 1108 2480 89.
1137 2439 1268 2489 401.)

408 2524 578 2563 Fructus
615 2527 876 2577 Opuntiarum
921 2540 1037 2578 saepe
1073 2527 1183 2578 apice
1228 2527 1267 2565 in
1309 2540 1459 2567 ramum
1504 2541 1637 2566 excre-

302 2604 435 2648 seunt;
463 2600 647 2642 facillime
674 2616 771 2643 vero
800 2607 927 2643 terrae
955 2604 1128 2644 immissi.
