1682 2938
909 129 991 170 256

287 241 380 278 bent
407 251 572 278 nervum
598 239 842 290 primarium,
875 246 948 278 nec
984 251 1067 278 non
1094 252 1240 279 nervos
1267 241 1469 292 appositos
1497 241 1621 280 mino-
1678 292 1679 298 1

287 329 362 365 res,
389 329 464 355 nec
488 315 616 354 minus
642 328 788 357 nervus
816 316 890 354 iste
918 316 1124 366 primarius
1153 316 1349 355 interdum
1382 317 1482 357 alios
1511 319 1620 358 emit-
1678 303 1679 306 Ἴ

286 392 333 431 tit
359 404 502 432 nervos
537 392 717 432 laterales
744 404 932 432 ramosos.
988 393 1089 431 Tum
1125 406 1283 445 quoque
1318 393 1513 434 alternant
1541 396 1622 436 val-

285 482 357 509 vae
386 482 476 508 cum
504 468 712 508 staminum
739 482 839 520 gyro
868 469 1074 518 interiore,
1102 473 1241 521 utpote
1269 471 1547 511 verticillarem
1571 472 1621 511 si-

284 550 367 585 tum
393 546 563 598 partium
590 545 846 585 foliacearum
872 559 967 597 prae
997 559 1040 585 se
1055 546 1239 586 ferentes.
1279 548 1500 587 Transeunt
1526 561 1621 587 vero

286 623 326 662 in
354 622 500 675 stylum
528 622 581 662 ita
607 626 652 662 ut
679 622 806 674 stylus
835 622 1077 662 continuatio
1105 623 1155 662 sit
1181 623 1383 663 valvarum
1410 624 1621 675 pericarpii

285 713 359 739 nec
385 699 477 750 styli
505 712 595 738 cum
621 699 717 750 ipsis
736 699 939 738 alternent.
994 699 1123 751 Magis
1146 699 1351 739 foliaceam
1369 713 1527 753 quoque
1554 702 1621 740 ha-

285 778 378 816 bent
411 776 584 815 indolem
618 789 666 815 ac
694 775 861 814 stamina
899 787 974 814 nec
1001 787 1083 814 non
1110 789 1157 814 ac
1185 776 1332 827 petala,
1371 778 1511 817 viridia
1538 790 1619 817 non

283 853 412 894 solum
439 857 540 901 sunt,
568 852 639 891 sed
666 864 824 904 quoque
852 851 1042 891 stomatiis
1072 852 1317 891 creberrimis
1346 858 1462 893 tecta.
1500 854 1532 892 E
1562 855 1620 893 fo-

284 930 428 970 liorum
456 928 675 968 valvarium
701 927 885 977 (seuilles
913 928 1149 968 ovariennes
1178 929 1391 981 Turpin)
1417 930 1526 970 vario
1554 931 1622 969 ha-

285 1007 368 1046 bitu
397 1010 435 1045 et
462 1005 655 1045 relatione
682 1004 791 1044 varia
812 1005 861 1044 ad
878 1004 1137 1053 columellam,
1164 1005 1294 1045 variae
1313 1018 1470 1058 quoque
1489 1007 1620 1046 oriun-

285 1089 351 1122 tur
376 1081 587 1134 pericarpii
615 1082 777 1120 formae.

395 1213 567 1265 Capsula
605 1213 845 1252 centralis
887 1213 1004 1252 habet
1036 1213 1186 1252 semina
1219 1212 1452 1253 columellae
1490 1226 1520 1252 s.
1557 1214 1621 1253 axi

286 1291 437 1330 adnata.
494 1290 770 1330 Columella
797 1303 819 1329 e
848 1289 1047 1329 fasciculis
1082 1289 1245 1340 lignosis
1279 1294 1435 1329 constat
1466 1302 1622 1341 separa-

287 1368 335 1407 tis
362 1367 574 1406 medullam
602 1367 643 1405 in
670 1366 803 1406 medio
832 1366 1188 1418 intercipientibus,
1233 1366 1429 1406 interdum
1464 1379 1621 1420 quoque

286 1445 391 1483 intus
421 1456 516 1483 cava
551 1447 611 1482 est
639 1447 706 1482 aut
734 1443 877 1494 partim
906 1456 1018 1494 cava,
1051 1455 1172 1495 quare
1200 1442 1464 1494 pericarpium
1499 1443 1622 1483 hocce

285 1522 335 1560 ad
362 1521 554 1572 parietate
583 1520 734 1560 accedit
760 1520 853 1570 (cfr.
874 1517 909 1573 §.
930 1517 1057 1569 144.)
1114 1518 1272 1558 Semina
1298 1522 1364 1557 aut
1391 1519 1622 1559 columellae

286 1597 532 1637 immediatae
560 1597 701 1636 adnata
728 1600 819 1636 sunt
848 1600 888 1635 et
915 1596 1072 1648 quidem
1105 1595 1282 1635 seriebus
1310 1594 1338 1634 2
1353 1618 1404 1626 -—
1419 1594 1468 1644 6,
1511 1595 1621 1635 vario

283 1685 450 1712 numero
487 1673 528 1712 in
565 1673 702 1712 eadem
728 1672 831 1711 serie
858 1673 906 1711 ab
935 1672 1053 1711 unico
1084 1671 1313 1723 incipiente,
1362 1675 1429 1711 aut
1455 1684 1622 1723 sporo-

284 1751 435 1801 phoro
465 1752 556 1788 sunt
581 1749 737 1796 adnata,
765 1748 972 1799 peculiari,
1010 1748 1243 1787 columellae
1272 1760 1471 1796 conneXO‚
1504 1760 1621 1799 saepe

284 1839 424 1877 magno
461 1839 483 1865 e
511 1826 814 1876 parenchymate
846 1824 957 1873 laxo,
992 1825 1099 1876 quod
1130 1836 1224 1864 vasa
1256 1823 1499 1862 umbilicaria
1532 1836 1623 1875 per-

286 1907 452 1954 reptant.
509 1902 744 1954 Hujusmodi
777 1902 1068 1953 sporophorum
1101 1900 1142 1939 in
1177 1900 1295 1940 variis
1325 1899 1553 1939 Solanaceis
1582 1904 1622 1939 et

286 1979 577 2027 Scrofularinis,
604 1979 870 2030 Hyoscyamo,
898 1977 1058 2029 Digitali
1085 1976 1249 2029 aliisque
1278 1981 1338 2016 sat
1366 1976 1621 2027 conspicuum

286 2060 355 2095 est.
412 2055 611 2103 Valvae,
647 2067 676 2093 s.
706 2054 801 2094 folia
834 2054 1008 2095 valvaria
1039 2053 1158 2093 variis
1187 2054 1313 2093 modis
1346 2066 1434 2092 sese
1467 2053 1620 2092 habent.

284 2131 366 2171 Aut
394 2133 499 2171 circa
528 2131 780 2171 columellam
792 2132 924 2183 posita
938 2134 1029 2170 sunt
1050 2130 1289 2181 marginibus
1304 2129 1493 2178 connatis,
1523 2142 1622 2181 quae

287 2222 309 2248 e
346 2222 470 2248 nervo
504 2208 634 2248 medio
666 2208 950 2259 dignoscuntur
982 2207 1041 2246 uti
1075 2207 1117 2246 in
1149 2206 1320 2246 Primula
1353 2205 1622 2258 affinibusque.

287 2285 358 2324 Est
393 2284 552 2335 capsula
592 2285 822 2324 centralis
860 2283 1205 2324 unilocularis.
1262 2305 1314 2311 ——
1368 2281 1449 2321 Aut
1487 2282 1624 2322 valvae

287 2373 412 2401 nervo
450 2361 580 2400 medio
608 2374 690 2400 non
717 2361 847 2400 solum
885 2373 1024 2400 versus
1054 2359 1302 2399 columellam
1329 2358 1514 2407 inflexae,
1555 2358 1625 2397 sed

291 2450 447 2491 quoque
478 2426 567 2476 cum
592 2438 679 2488 ipso
707 2437 986 2489 dissepimento
1015 2448 1217 2476 connexae
1244 2437 1352 2483 sunt,
1390 2435 1497 2487 quod
1523 2434 1626 2474 inter

291 2514 538 2555 columellam
595 2518 634 2553 et
686 2527 851 2554 nervum
905 2512 1077 2553 medium
1133 2510 1376 2558 extenditur;
1429 2511 1532 2550 inter
1567 2522 1627 2549 vse

289 2604 384 2630 vero
413 2590 650 2642 marginibus
670 2590 889 2630 retroflexis
919 2591 1219 2640 conjunguntur.
1276 2587 1509 2638 Hujusmodi
1537 2598 1627 2637 cap-
