1682 2938
906 120 990 163 120

281 232 399 272 talam
428 236 468 272 et
496 230 780 284 polypetalam3
836 232 967 283 petala
1003 232 1105 271 enim
1133 231 1217 271 basi
1249 235 1442 282 separata,
1476 232 1618 283 pagina

282 309 473 350 interiore
502 309 543 348 in
570 308 706 348 tubum
734 308 965 348 stamineum
996 308 1224 348 continuata
1252 308 1533 347 combinantur.

390 479 554 519 Corolla
580 479 764 519 labiata
793 480 938 520 dicitur
957 480 1217 531 monopetala,
1248 492 1347 532 quae
1364 491 1444 518 una
1468 483 1620 518 tantum

285 557 463 596 sectione
493 560 532 595 et·
560 556 717 608 quidem
744 556 1032 608 longitudinali,
1060 557 1085 596 i.
1102 569 1135 595 e.
1155 556 1219 595 axi
1242 556 1396 607 plantae
1423 555 1621 607 parallela,

286 631 329 670 in
357 633 454 672 duas
481 636 613 683 partes
642 633 825 686 aequales
854 634 1049 682 dividitur,
1077 633 1328 673 transversali
1355 634 1509 672 veroin
1526 633 1622 672 duas

285 713 418 759 partes
447 707 685 761 inaequales.
740 711 867 761 Hujus
905 710 1079 750 corollae
1107 723 1199 762 pars
1227 709 1409 761 superior
1442 708 1624 747 labium

288 785 519 836 superius
548 799 619 825 seu
646 787 789 838 galea
817 786 970 836 dicitur,
998 788 1195 826 interdum
1223 786 1415 837 integrum
1444 789 1483 824 et
1511 788 1624 824 extus

290 876 511 902 convexum
539 863 644 902 intus
674 876 908 912 concavum,
939 876 1057 914 saepe
1085 876 1182 903 vero
1212 862 1512 914 emarginatum,
1540 861 1625 900 bifi-

288 939 380 978 dum
409 943 448 979 et
476 939 713 991 bipartitum,
740 940 845 979 unde
873 944 982 991 patet
1010 945 1050 979 et
1075 941 1229 980 duobus
1246 940 1390 992 phyllis
1417 952 1504 978 esse
1520 952 1626 978 com-

287 1015 482 1066 positum,
525 1017 632 1067 quod
675 1029 833 1068 quoque
869 1028 1082 1055 nervorum
1116 1018 1388 1056 distributione
1422 1016 1625 1066 probatur.
1667 1041 1670 1044 -

287 1093 385 1131 Pars
413 1091 578 1130 inferior
605 1104 677 1131 seu
707 1091 890 1130 labium
918 1092 1188 1142 (inferius)
1221 1093 1452 1145 plerumque
1489 1093 1628 1143 tripar-

287 1168 402 1208 titum
445 1172 524 1218 est,
579 1171 719 1219 utpote
756 1182 778 1208 e
813 1168 940 1208 tribus
984 1169 1130 1220 phyllis
1166 1173 1388 1208 connatum.
1453 1169 1627 1208 Rictus

289 1245 434 1285 dicitur
467 1249 651 1296 apertura
682 1245 785 1284 inter
820 1245 954 1296 galeae
993 1249 1032 1285 et
1074 1245 1167 1285 labii
1201 1245 1433 1297 margines„
1456 1257 1480 1284 a
1513 1245 1627 1284 fauce

292 1322 600 1374 distinguendus,
629 1322 745 1360 faux
774 1323 877 1362 enim
894 1327 953 1362 est
980 1327 1164 1374 apertura
1196 1323 1242 1362 ad
1272 1322 1424 1361 initium
1453 1320 1537 1360 tubi
1564 1333 1631 1360 co-

289 1399 429 1448 rollae,
457 1399 499 1438 in
526 1399 611 1437 basi
626 1398 758 1450 galeae
775 1403 813 1438 et
825 1399 936 1447 labii;
965 1404 1033 1439 aut
1049 1404 1194 1451 aperta,
1223 1400 1328 1439 unde
1357 1398 1511 1438 corolla
1538 1398 1631 1437 rin-

290 1488 428 1527 gens,
457 1479 524 1514 aut
549 1475 813 1525 prominentia
843 1489 1021 1516 convexa
1049 1489 1120 1516 seu
1148 1477 1313 1528 palato
1343 1475 1493 1524 clausa,
1529 1488 1630 1527 quae

293 1551 445 1590 corolla
471 1556 738 1602 personata
764 1557 941 1593 vocatur.
999 1553 1349 1605 Resupinatam
1393 1552 1529 1591 dicunt
1565 1548 1632 1591 co-

291 1627 433 1667 rollam
460 1628 659 1677 labiatam,
700 1628 734 1668 si
761 1630 874 1680 galea
911 1631 1038 1681 major
1074 1635 1134 1670 est
1170 1635 1209 1669 et
1237 1628 1446 1680 tripartita,
1486 1628 1632 1667 labium

292 1704 421 1743 minus
453 1709 491 1743 et
517 1705 754 1756 bipartitum.
810 1707 872 1746 De
901 1707 1075 1746 corollae
1103 1708 1220 1758 hujus
1240 1706 1534 1757 resupinatione
1563 1705 1632 1745 cfr.

293 1781 498 1834 Moquin
527 1782 730 1822 Tendon
758 1782 893 1832 (Ann.
923 1784 958 1823 d.
988 1796 1050 1823 sc.
1078 1788 1168 1823 nat.
1195 1783 1260 1824 27.
1286 1783 1412 1832 258).

402 1953 566 1992 Corolla
602 1954 882 1995 unilabiata
917 1960 976 1995 est
1010 1955 1306 2006 anamorphosis
1341 1967 1422 1993 cor.
1456 1953 1633 2001 labiatae,

294 2029 400 2070 labio
427 2031 634 2082 superiore
650 2032 869 2073 deficiente.
925 2033 1007 2072 Aut
1033 2033 1179 2072 labium
1207 2035 1430 2070 truncatum
1462 2033 1635 2081 apparet,

297 2111 341 2146 ut
369 2107 409 2146 in
438 2108 574 2160 Ajaga,
603 2113 671 2148 aut
698 2110 884 2159 excisum,
913 2113 958 2149 ut
985 2110 1025 2149 in
1055 2108 1239 2148 Teucrio.

405 2279 622 2331 Singularis
650 2281 946 2333 anamorphosis
975 2293 1056 2319 cor.
1078 2279 1247 2319 labiatae
1276 2284 1315 2319 et
1343 2279 1500 2332 quidem
1527 2290 1638 2317 resu-

297 2355 453 2406 pinatae
494 2358 736 2408 conspicitur
772 2360 813 2398 in
852 2357 1103 2408 Schizantho.
1165 2357 1276 2396 Labii
1311 2355 1508 2395 inferioris
1543 2354 1637 2393 laci—

297 2432 364 2471 nia
390 2433 519 2471 media
543 2431 730 2485 expansa,
759 2439 902 2484 erecta,
930 2435 1064 2483 incisa,
1092 2435 1220 2473 media
1246 2437 1356 2485 parte
1384 2433 1538 2484 pictura
1565 2444 1636 2471 no-

298 2512 389 2558 tata,
415 2508 581 2549 laciniae
607 2511 790 2552 laterales
806 2512 940 2564 galeae
969 2516 1009 2551 et
1036 2511 1193 2563 quidem
1220 2510 1425 2562 hipartitae
1454 2507 1636 2559 utrinque

299 2586 520 2638 appositae3
547 2587 699 2627 stamin.
715 2587 742 2628 2
757 2588 964 2640 superiora
992 2588 1145 2636 fertilia,
1174 2587 1253 2626 duo
1275 2586 1464 2626 inferiora
1477 2583 1635 2624 sterilia.
