1682 2938
924 117 1005 160 138

298 233 365 268 aut
393 231 584 268 contorta.
638 227 836 266 Interdum
864 228 1047 279 superior
1074 242 1163 280 pars
1193 229 1367 269 corollae
1383 232 1542 280 secedit,
1575 234 1631 271 in-

298 306 387 344 fima
421 308 569 343 tantum
605 302 790 355 remanet!
823 309 867 344 ut
903 305 943 344 in
979 305 1171 357 Amarylli
1213 306 1426 357 zeylanica.
1488 310 1630 348 Parum

297 381 433 420 attenti
459 381 570 420 suere
592 381 775 420 Botanici
807 382 855 420 ad
883 382 1118 422 mutationes
1146 382 1392 432 coronarum,
1422 389 1631 437 antequam

297 458 482 498 decidunt
530 462 597 497 aut
639 463 848 510 postquam
893 459 1132 499 deciderunt.
1200 459 1306 499 Nota
1349 465 1408 499 est
1452 462 1630 501 colorum

295 535 458 575 mutatio
487 535 526 574 in
554 535 784 581 Hortensia;
815 536 1029 575 rubescunt
1057 537 1230 576 corollae
1260 537 1440 589 delapsae
1456 537 1630 589 Nyctan-

295 611 370 651 this
399 612 587 659 Sambac;
633 613 901 662 exsiccantur,
927 626 1172 664 papyraceae
1200 614 1297 652 fiunt
1325 618 1365 653 et
1393 614 1459 653 diu
1486 615 1630 665 persis-

295 693 380 728 tunt
408 688 447 727 in
478 689 682 728 Orchideis
710 689 931 740 permultis,
961 690 1269 738 convolvuntur,
1299 690 1562 742 colliquantur
1590 697 1629 731 et

294 765 409 805 facile
436 769 667 817 putrescunt
694 765 735 804 in
762 765 1019 817 Alpiniaceis,
1058 767 1160 806 Iride
1189 772 1263 805 etc.
1302 771 1563 818 corrugantur
1591 772 1629 807 et

294 844 376 882 fere
406 847 645 882 evanescunt
673 842 714 881 in
730 843 944 882 Cruciferis
974 848 1013 883 et
1028 843 1311 895 Papaveraceis
1341 847 1379 882 et
1407 857 1507 895 quae
1536 849 1628 883 sunt

290 920 388 958 aliae
417 919 610 969 ejusmodi
636 919 881 958 mutationes.

398 1020 509 1069 Quae
548 1017 674 1056 dictae
710 1022 800 1055 sunt
835 1018 984 1056 formae
1019 1018 1230 1071 pleraeque
1267 1020 1315 1059 ad
1346 1020 1625 1070 eumorphosin

288 1092 346 1147 (§.
371 1092 458 1141 27.)
501 1092 659 1131 faciunt.
727 1092 828 1131 Sunt
868 1106 965 1132 vero
1009 1098 1048 1133 et
1090 1096 1240 1134 formae
1283 1096 1624 1147 anamorphoticae

287 1169 341 1225 (§.
359 1169 447 1220 28.)
477 1169 571 1221 quin
600 1169 956 1220 catamorphoticae
983 1168 1040 1223 (§.
1062 1170 1162 1221 29.)‚
1191 1172 1239 1210 de
1268 1172 1407 1223 quibus
1435 1186 1539 1212 nunc
1567 1174 1624 1212 di-

287 1247 463 1287 cendum.

395 1334 558 1374 Corolla
583 1333 623 1372 in
651 1333 804 1373 climate
832 1334 974 1386 frigido
1003 1335 1106 1375 haud
1131 1348 1220 1374 raro
1237 1335 1378 1384 deficit,
1407 1341 1474 1374 aut
1502 1348 1624 1386 parva

287 1416 348 1451 est
374 1424 448 1450 nec
477 1410 714 1462 exphcatur,
753 1423 869 1462 quam
898 1412 1176 1451 clandestinam
1203 1425 1410 1461 vocamus,
1455 1426 1487 1452 e.
1517 1426 1552 1464 g.
1582 1413 1622 1451 in

284 1488 440 1528 Ruellia
466 1487 718 1527 clandestina.
775 1487 824 1526 Et
840 1488 880 1527 in
909 1488 1063 1528 climate
1093 1489 1220 1528 calido
1248 1489 1403 1541 plantae
1432 1491 1620 1542 quaedam

287 1565 457 1605 corollas
486 1565 656 1614 majores
684 1578 796 1614 vere,
832 1565 1006 1605 minores
1034 1570 1220 1606 autumno
1248 1567 1489 1618 producunt,
1523 1580 1555 1607 e.
1582 1580 1617 1618 g.

285 1642 417 1682 Salvia
446 1641 700 1690 clandestina,
730 1655 830 1693 quae
858 1656 954 1682 vero
983 1642 1023 1682 in
1052 1648 1158 1683 terra
1186 1643 1326 1695 frigida
1353 1648 1436 1683 sata
1464 1657 1620 1694 semper

283 1719 456 1759 corollas
484 1718 657 1758 minores
686 1720 850 1770 profert,
880 1723 927 1767 et,
957 1719 1155 1759 sisemina
1182 1721 1223 1759 in
1250 1725 1355 1759 terra
1383 1721 1508 1760 calida
1536 1720 1618 1760 col-

282 1797 385 1836 lecta
413 1797 582 1836 fuerunt.
637 1796 682 1834 In
711 1795 864 1835 climate
900 1795 1027 1835 calido
1052 1796 1241 1835 corollam
1277 1810 1434 1848 quoque
1473 1798 1615 1845 enasci,

282 1886 382 1926 quae
433 1873 473 1912 in
527 1872 668 1923 frigido
709 1872 829 1924 vulgo
878 1871 1026 1920 deficit,
1083 1872 1324 1912 Giboinus
1377 1877 1517 1912 auctor
1557 1878 1616 1912 est

280 1950 597 2002 (Fragmente
627 1963 660 1988 a.
690 1949 726 1988 d.
756 1948 1037 2000 Physiolog.
1069 1949 1104 1987 d.
1134 1949 1385 1988 Pflanzen.
1445 1950 1613 1990 Strassb.
1674 1990 1681 2003 ι

280 2027 398 2067 1803.
427 2041 464 2078 p.
497 2025 592 2075 18),
621 2026 792 2066 corollas
820 2026 859 2064 in
888 2024 1119 2065 Cardamine
1147 2025 1373 2076 Impatiente
1398 2027 1614 2078 Monspelii

279 2104 501 2144 observavit
536 2117 625 2143 cum
660 2103 780 2154 vulgo
817 2102 969 2154 apetala
1003 2102 1062 2141 sit.
1119 2101 1324 2153 Singulare
1363 2108 1420 2142 est
1456 2103 1612 2144 Violam

278 2180 455 2220 caninam
484 2185 522 2219 et
548 2180 766 2219 mirabilem
794 2192 885 2218 vere
913 2180 1030 2219 flores
1066 2179 1298 2227 comninos,
1337 2184 1485 2219 aestate
1522 2194 1612 2231 ape-

280 2257 379 2295 talos
408 2257 643 2306 producere,
671 2257 777 2309 quod
806 2256 1061 2296 exhaustione
1088 2256 1231 2295 virium
1259 2256 1346 2295 fieri
1375 2257 1539 2296 videtur.

382 2355 572 2394 Defectus
605 2355 846 2407 singularum
872 2355 1043 2407 partium
1077 2356 1176 2396 varii
1212 2355 1253 2394 in
1280 2355 1442 2395 corollis
1471 2369 1610 2395 occur-

276 2437 378 2471 runt.
444 2425 522 2470 Sio'
553 2432 704 2472 corolla
742 2433 870 2472 trifida
905 2432 946 2472 in
981 2431 1178 2484 Asperula
1213 2432 1398 2471 tine-toria
1431 2433 1606 2473 defectus
1678 2462 1679 2466 ,

274 2509 389 2549 unius
417 2494 606 2560 segmenti
635 2514 709 2558 est,
747 2509 900 2549 corolla
926 2509 1190 2550 unicalcarata
1215 2509 1247 2548 F
1249 2509 1421 2548 umariae
1449 2509 1488 2547 in
1517 2509 1606 2547 Die-

272 2585 375 2636 lytra
403 2586 554 2637 integra
581 2585 832 2636 conspicitur.
888 2587 932 2626 In
956 2585 1124 2627 Acanito
1156 2586 1230 2626 tria
1257 2585 1386 2637 petala
1414 2585 1604 2625 calcarata
