<?xml version="1.0" encoding="UTF-8"?>
<!DOCTYPE html PUBLIC "-//W3C//DTD XHTML 1.0 Transitional//EN"
    "http://www.w3.org/TR/xhtml1/DTD/xhtml1-transitional.dtd">
<html xmlns="http://www.w3.org/1999/xhtml" xml:lang="en" lang="en">
 <head>
  <title>
</title>
<meta http-equiv="Content-Type" content="text/html;charset=utf-8" />
  <meta name='ocr-system' content='tesseract 3.04.00' />
  <meta name='ocr-capabilities' content='ocr_page ocr_carea ocr_par ocr_line ocrx_word'/>
</head>
<body>
  <div class='ocr_page' id='page_1' title='image "./elementaphilosop02linkuoft_0102.png"; bbox 0 0 1682 2938; ppageno 0'>
   <div class='ocr_carea' id='block_1_1' title="bbox 915 148 970 190">
    <p class='ocr_par' dir='ltr' id='par_1_1' title="bbox 915 148 970 190">
     <span class='ocr_line' id='line_1_1' title="bbox 915 148 970 190; baseline 0 0"><span class='ocrx_word' id='word_1_1' title='bbox 915 148 970 190; x_wconf 82' lang='lat'>80</span> 
     </span>
    </p>
   </div>
   <div class='ocr_carea' id='block_1_2' title="bbox 275 258 1677 461">
    <p class='ocr_par' dir='ltr' id='par_1_2' title="bbox 275 258 1677 461">
     <span class='ocr_line' id='line_1_2' title="bbox 277 258 1677 310; baseline -0.001 -12"><span class='ocrx_word' id='word_1_2' title='bbox 277 264 366 299; x_wconf 85' lang='lat' dir='ltr'>tem.</span> <span class='ocrx_word' id='word_1_3' title='bbox 422 258 630 310; x_wconf 78' lang='lat' dir='ltr'>singulare</span> <span class='ocrx_word' id='word_1_4' title='bbox 663 262 813 298; x_wconf 82' lang='lat' dir='ltr'>tantum</span> <span class='ocrx_word' id='word_1_5' title='bbox 849 262 908 298; x_wconf 88' lang='lat' dir='ltr'>est</span> <span class='ocrx_word' id='word_1_6' title='bbox 943 262 1140 298; x_wconf 87' lang='lat' dir='ltr'>amentum</span> <span class='ocrx_word' id='word_1_7' title='bbox 1167 258 1356 297; x_wconf 89' lang='lat' dir='ltr'>Pinorum</span> <span class='ocrx_word' id='word_1_8' title='bbox 1392 269 1459 307; x_wconf 90' lang='lat' dir='ltr'>eo,</span> <span class='ocrx_word' id='word_1_9' title='bbox 1505 259 1610 310; x_wconf 90' lang='lat' dir='ltr'>quod</span> <span class='ocrx_word' id='word_1_10' title='bbox 1675 301 1677 306; x_wconf 57' lang='grc'>,</span> 
     </span>
     <span class='ocr_line' id='line_1_3' title="bbox 276 335 1610 388; baseline 0 -13"><span class='ocrx_word' id='word_1_11' title='bbox 276 349 462 388; x_wconf 80' lang='lat' dir='ltr'><strong>squamae</strong></span> <span class='ocrx_word' id='word_1_12' title='bbox 489 335 669 375; x_wconf 87' lang='lat' dir='ltr'>antheras</span> <span class='ocrx_word' id='word_1_13' title='bbox 697 335 737 374; x_wconf 91' lang='lat' dir='ltr'>in</span> <span class='ocrx_word' id='word_1_14' title='bbox 766 335 887 374; x_wconf 89' lang='lat' dir='ltr'>dorso</span> <span class='ocrx_word' id='word_1_15' title='bbox 915 338 1064 386; x_wconf 85' lang='lat' dir='ltr'><strong>gerant,</strong></span> <span class='ocrx_word' id='word_1_16' title='bbox 1092 348 1169 374; x_wconf 90' lang='lat' dir='ltr'>nec</span> <span class='ocrx_word' id='word_1_17' title='bbox 1196 335 1237 374; x_wconf 90' lang='lat' dir='ltr'>in</span> <span class='ocrx_word' id='word_1_18' title='bbox 1263 339 1376 386; x_wconf 91' lang='lat' dir='ltr'>parte</span> <span class='ocrx_word' id='word_1_19' title='bbox 1401 335 1610 375; x_wconf 85' lang='lat' dir='ltr'>anteriore.</span> 
     </span>
     <span class='ocr_line' id='line_1_4' title="bbox 275 412 1613 461; baseline 0 -10"><span class='ocrx_word' id='word_1_20' title='bbox 275 412 376 451; x_wconf 86' lang='lat' dir='ltr'>Cum</span> <span class='ocrx_word' id='word_1_21' title='bbox 409 425 506 452; x_wconf 86' lang='lat' dir='ltr'>vero</span> <span class='ocrx_word' id='word_1_22' title='bbox 540 413 659 452; x_wconf 88' lang='lat' dir='ltr'>flores</span> <span class='ocrx_word' id='word_1_23' title='bbox 694 412 735 451; x_wconf 93' lang='lat' dir='ltr'>in</span> <span class='ocrx_word' id='word_1_24' title='bbox 770 412 890 451; x_wconf 89' lang='lat' dir='ltr'>dorso</span> <span class='ocrx_word' id='word_1_25' title='bbox 927 412 1115 452; x_wconf 89' lang='lat' dir='ltr'>foliorum</span> <span class='ocrx_word' id='word_1_26' title='bbox 1150 417 1379 461; x_wconf 84' lang='lat' dir='ltr'>occurrant,</span> <span class='ocrx_word' id='word_1_27' title='bbox 1420 424 1492 451; x_wconf 90' lang='lat' dir='ltr'>cur</span> <span class='ocrx_word' id='word_1_28' title='bbox 1530 424 1613 451; x_wconf 90' lang='lat' dir='ltr'>non</span> 
     </span>
    </p>
   </div>
   <div class='ocr_carea' id='block_1_3' title="bbox 274 489 1613 616">
    <p class='ocr_par' dir='ltr' id='par_1_3' title="bbox 274 489 1613 616">
     <span class='ocr_line' id='line_1_5' title="bbox 274 489 484 528; baseline 0 0"><span class='ocrx_word' id='word_1_29' title='bbox 274 489 484 528; x_wconf 80' lang='lat' dir='ltr'>antherae?</span> 
     </span>
     <span class='ocr_line' id='line_1_6' title="bbox 382 564 1613 616; baseline -0.001 -12"><span class='ocrx_word' id='word_1_30' title='bbox 382 564 639 605; x_wconf 87' lang='lat' dir='ltr'>Amentum</span> <span class='ocrx_word' id='word_1_31' title='bbox 667 564 856 604; x_wconf 89' lang='lat' dir='ltr'>denuda</span> <span class='ocrx_word' id='word_1_32' title='bbox 866 569 962 604; x_wconf 87' lang='lat' dir='ltr'>tum</span> <span class='ocrx_word' id='word_1_33' title='bbox 989 565 1115 614; x_wconf 90' lang='lat' dir='ltr'>dicas,</span> <span class='ocrx_word' id='word_1_34' title='bbox 1156 565 1190 603; x_wconf 88' lang='lat' dir='ltr'>si</span> <span class='ocrx_word' id='word_1_35' title='bbox 1218 574 1379 616; x_wconf 84' lang='lat' dir='ltr'>squama</span> <span class='ocrx_word' id='word_1_36' title='bbox 1405 565 1446 603; x_wconf 89' lang='lat' dir='ltr'>in</span> <span class='ocrx_word' id='word_1_37' title='bbox 1472 564 1613 615; x_wconf 82' lang='lat' dir='ltr'>pagina</span> 
     </span>
    </p>
   </div>
   <div class='ocr_carea' id='block_1_4' title="bbox 272 640 1678 693">
    <p class='ocr_par' dir='ltr' id='par_1_4' title="bbox 272 640 1678 693">
     <span class='ocr_line' id='line_1_7' title="bbox 272 640 1678 693; baseline 0 -13"><span class='ocrx_word' id='word_1_38' title='bbox 272 641 459 681; x_wconf 87' lang='lat' dir='ltr'>inferiore</span> <span class='ocrx_word' id='word_1_39' title='bbox 487 642 668 681; x_wconf 89' lang='lat' dir='ltr'>antheras</span> <span class='ocrx_word' id='word_1_40' title='bbox 695 640 806 692; x_wconf 87' lang='lat' dir='ltr'>gerit,</span> <span class='ocrx_word' id='word_1_41' title='bbox 834 642 1006 691; x_wconf 89' lang='lat' dir='ltr'>sessiles,</span> <span class='ocrx_word' id='word_1_42' title='bbox 1035 652 1202 693; x_wconf 82' lang='lat' dir='ltr'>sparsaS‚</span> <span class='ocrx_word' id='word_1_43' title='bbox 1229 642 1369 690; x_wconf 84' lang='lat' dir='ltr'>nudas,</span> <span class='ocrx_word' id='word_1_44' title='bbox 1397 645 1441 680; x_wconf 91' lang='lat' dir='ltr'>ut</span> <span class='ocrx_word' id='word_1_45' title='bbox 1467 641 1509 680; x_wconf 90' lang='lat' dir='ltr'>in</span> <span class='ocrx_word' id='word_1_46' title='bbox 1539 642 1613 690; x_wconf 89' lang='lat' dir='ltr'>Cy-</span> <span class='ocrx_word' id='word_1_47' title='bbox 1676 647 1678 669; x_wconf 79' lang='lat'>1</span> 
     </span>
    </p>
   </div>
   <div class='ocr_carea' id='block_1_5' title="bbox 272 719 1612 834">
    <p class='ocr_par' dir='ltr' id='par_1_5' title="bbox 272 719 1612 834">
     <span class='ocr_line' id='line_1_8' title="bbox 272 719 415 758; baseline 0.007 -1"><span class='ocrx_word' id='word_1_48' title='bbox 272 719 415 758; x_wconf 87' lang='lat' dir='ltr'>cadeis.</span> 
     </span>
     <span class='ocr_line' id='line_1_9' title="bbox 381 794 1612 834; baseline -0.001 0"><span class='ocrx_word' id='word_1_49' title='bbox 381 794 639 834; x_wconf 86' lang='lat' dir='ltr'>Strobilus</span> <span class='ocrx_word' id='word_1_50' title='bbox 666 799 726 834; x_wconf 85' lang='lat' dir='ltr'>est</span> <span class='ocrx_word' id='word_1_51' title='bbox 753 798 953 834; x_wconf 90' lang='lat' dir='ltr'>amentum</span> <span class='ocrx_word' id='word_1_52' title='bbox 980 794 1191 834; x_wconf 80' lang='lat' dir='ltr'>femineum</span> <span class='ocrx_word' id='word_1_53' title='bbox 1219 794 1385 834; x_wconf 83' lang='lat' dir='ltr'>bracteis</span> <span class='ocrx_word' id='word_1_54' title='bbox 1411 794 1452 832; x_wconf 92' lang='lat' dir='ltr'>in</span> <span class='ocrx_word' id='word_1_55' title='bbox 1480 794 1612 833; x_wconf 82' lang='lat' dir='ltr'>fructu</span> 
     </span>
    </p>
   </div>
   <div class='ocr_carea' id='block_1_6' title="bbox 271 870 1674 919">
    <p class='ocr_par' dir='ltr' id='par_1_6' title="bbox 271 870 1674 919">
     <span class='ocr_line' id='line_1_10' title="bbox 271 870 1674 919; baseline -0.001 -8"><span class='ocrx_word' id='word_1_56' title='bbox 271 871 604 911; x_wconf 82' lang='lat' dir='ltr'>excrescentibus.</span> <span class='ocrx_word' id='word_1_57' title='bbox 660 871 862 911; x_wconf 88' lang='lat' dir='ltr'>Interdum</span> <span class='ocrx_word' id='word_1_58' title='bbox 890 885 972 911; x_wconf 91' lang='grc'><strong>11011</strong></span> <span class='ocrx_word' id='word_1_59' title='bbox 998 875 1105 911; x_wconf 84' lang='grc'><strong>101115</strong></span> <span class='ocrx_word' id='word_1_60' title='bbox 1134 870 1333 919; x_wconf 83' lang='lat' dir='ltr'>strobilus,</span> <span class='ocrx_word' id='word_1_61' title='bbox 1361 871 1432 910; x_wconf 85' lang='lat' dir='ltr'>sed</span> <span class='ocrx_word' id='word_1_62' title='bbox 1458 875 1610 910; x_wconf 86' lang='lat' dir='ltr'>tantum</span> <span class='ocrx_word' id='word_1_63' title='bbox 1670 897 1674 900; x_wconf 90' lang='lat'><em>-</em></span> 
     </span>
    </p>
   </div>
   <div class='ocr_carea' id='block_1_7' title="bbox 263 947 1646 2306">
    <p class='ocr_par' dir='ltr' id='par_1_7' title="bbox 265 947 1610 1832">
     <span class='ocr_line' id='line_1_11' title="bbox 270 947 1607 999; baseline -0.001 -12"><span class='ocrx_word' id='word_1_64' title='bbox 270 948 452 987; x_wconf 87' lang='lat' dir='ltr'>bracteae</span> <span class='ocrx_word' id='word_1_65' title='bbox 480 948 712 999; x_wconf 87' lang='lat' dir='ltr'>fructusque</span> <span class='ocrx_word' id='word_1_66' title='bbox 741 947 858 990; x_wconf 86' lang='lat' dir='ltr'>simul</span> <span class='ocrx_word' id='word_1_67' title='bbox 886 948 1083 997; x_wconf 86' lang='lat' dir='ltr'>decidunt,</span> <span class='ocrx_word' id='word_1_68' title='bbox 1111 948 1219 987; x_wconf 85' lang='lat' dir='ltr'>rachi</span> <span class='ocrx_word' id='word_1_69' title='bbox 1245 947 1494 998; x_wconf 81' lang='lat' dir='ltr'>persistente,</span> <span class='ocrx_word' id='word_1_70' title='bbox 1521 960 1553 986; x_wconf 89' lang='lat' dir='ltr'>e.</span> <span class='ocrx_word' id='word_1_71' title='bbox 1572 960 1607 998; x_wconf 89' lang='lat' dir='ltr'>g.</span> 
     </span>
     <span class='ocr_line' id='line_1_12' title="bbox 270 1023 1610 1076; baseline -0.001 -13"><span class='ocrx_word' id='word_1_72' title='bbox 270 1024 312 1063; x_wconf 90' lang='lat' dir='ltr'>in</span> <span class='ocrx_word' id='word_1_73' title='bbox 338 1023 491 1063; x_wconf 88' lang='lat' dir='ltr'>Abiete.</span> <span class='ocrx_word' id='word_1_74' title='bbox 545 1025 590 1063; x_wconf 91' lang='lat' dir='ltr'>In</span> <span class='ocrx_word' id='word_1_75' title='bbox 615 1025 733 1064; x_wconf 88' lang='lat' dir='ltr'>variis</span> <span class='ocrx_word' id='word_1_76' title='bbox 760 1024 1010 1064; x_wconf 86' lang='lat' dir='ltr'>Amentaceis</span> <span class='ocrx_word' id='word_1_77' title='bbox 1044 1036 1162 1064; x_wconf 90' lang='lat' dir='ltr'>verus</span> <span class='ocrx_word' id='word_1_78' title='bbox 1190 1024 1378 1063; x_wconf 90' lang='lat' dir='ltr'>strobilus</span> <span class='ocrx_word' id='word_1_79' title='bbox 1411 1024 1610 1076; x_wconf 88' lang='lat' dir='ltr'>reperitur</span> 
     </span>
     <span class='ocr_line' id='line_1_13' title="bbox 272 1098 1610 1153; baseline -0.001 -13"><span class='ocrx_word' id='word_1_80' title='bbox 272 1114 306 1140; x_wconf 94' lang='lat' dir='ltr'>e.</span> <span class='ocrx_word' id='word_1_81' title='bbox 335 1113 371 1151; x_wconf 85' lang='lat' dir='ltr'>g.</span> <span class='ocrx_word' id='word_1_82' title='bbox 400 1100 442 1138; x_wconf 90' lang='lat' dir='ltr'>in</span> <span class='ocrx_word' id='word_1_83' title='bbox 468 1098 586 1139; x_wconf 85' lang='lat' dir='ltr'>Alno.</span> <span class='ocrx_word' id='word_1_84' title='bbox 643 1100 837 1152; x_wconf 89' lang='lat' dir='ltr'>Equidem</span> <span class='ocrx_word' id='word_1_85' title='bbox 864 1112 1044 1153; x_wconf 87' lang='lat' dir='ltr'>squamas</span> <span class='ocrx_word' id='word_1_86' title='bbox 1071 1100 1113 1139; x_wconf 91' lang='lat' dir='ltr'>in</span> <span class='ocrx_word' id='word_1_87' title='bbox 1138 1101 1309 1140; x_wconf 86' lang='lat' dir='ltr'>strobilis</span> <span class='ocrx_word' id='word_1_88' title='bbox 1334 1101 1610 1140; x_wconf 87' lang='lat' dir='ltr'>Goniferarum</span> 
     </span>
     <span class='ocr_line' id='line_1_14' title="bbox 268 1175 1609 1229; baseline 0 -13"><span class='ocrx_word' id='word_1_89' title='bbox 268 1175 491 1228; x_wconf 88' lang='lat' dir='ltr'>pericarpia</span> <span class='ocrx_word' id='word_1_90' title='bbox 525 1188 612 1216; x_wconf 85' lang='lat' dir='ltr'>esse</span> <span class='ocrx_word' id='word_1_91' title='bbox 646 1189 730 1216; x_wconf 88' lang='lat' dir='ltr'>non</span> <span class='ocrx_word' id='word_1_92' title='bbox 763 1177 878 1216; x_wconf 85' lang='lat' dir='ltr'>facile</span> <span class='ocrx_word' id='word_1_93' title='bbox 915 1176 1193 1226; x_wconf 84' lang='lat' dir='ltr'>corediderim,</span> <span class='ocrx_word' id='word_1_94' title='bbox 1228 1177 1403 1229; x_wconf 88' lang='lat' dir='ltr'>quamvis</span> <span class='ocrx_word' id='word_1_95' title='bbox 1435 1178 1499 1217; x_wconf 86' lang='lat' dir='ltr'>vir</span> <span class='ocrx_word' id='word_1_96' title='bbox 1528 1177 1609 1216; x_wconf 86' lang='lat' dir='ltr'>exi-</span> 
     </span>
     <span class='ocr_line' id='line_1_15' title="bbox 268 1252 1608 1304; baseline 0 -12"><span class='ocrx_word' id='word_1_97' title='bbox 268 1253 371 1293; x_wconf 89' lang='lat' dir='ltr'>mius</span> <span class='ocrx_word' id='word_1_98' title='bbox 398 1254 446 1293; x_wconf 84' lang='lat' dir='ltr'>R.</span> <span class='ocrx_word' id='word_1_99' title='bbox 462 1254 727 1294; x_wconf 87' lang='lat' dir='ltr'>Brownius</span> <span class='ocrx_word' id='word_1_100' title='bbox 754 1258 827 1294; x_wconf 87' lang='lat' dir='ltr'>etc.</span> <span class='ocrx_word' id='word_1_101' title='bbox 855 1253 1038 1303; x_wconf 88' lang='lat' dir='ltr'>voluerit,</span> <span class='ocrx_word' id='word_1_102' title='bbox 1066 1252 1185 1292; x_wconf 90' lang='lat' dir='ltr'>nimia</span> <span class='ocrx_word' id='word_1_103' title='bbox 1213 1253 1316 1293; x_wconf 82' lang='lat' dir='ltr'>enim</span> <span class='ocrx_word' id='word_1_104' title='bbox 1341 1257 1402 1293; x_wconf 88' lang='lat' dir='ltr'>est</span> <span class='ocrx_word' id='word_1_105' title='bbox 1429 1253 1608 1304; x_wconf 86' lang='lat' dir='ltr'>analogia</span> 
     </span>
     <span class='ocr_line' id='line_1_16' title="bbox 267 1329 1606 1384; baseline -0.001 -14"><span class='ocrx_word' id='word_1_106' title='bbox 267 1331 374 1371; x_wconf 88' lang='lat' dir='ltr'>inter</span> <span class='ocrx_word' id='word_1_107' title='bbox 410 1331 529 1370; x_wconf 87' lang='lat' dir='ltr'>hasce</span> <span class='ocrx_word' id='word_1_108' title='bbox 569 1343 753 1384; x_wconf 86' lang='lat' dir='ltr'>squamas</span> <span class='ocrx_word' id='word_1_109' title='bbox 796 1335 835 1370; x_wconf 89' lang='lat' dir='ltr'>et</span> <span class='ocrx_word' id='word_1_110' title='bbox 874 1331 962 1370; x_wconf 90' lang='lat' dir='ltr'>illas</span> <span class='ocrx_word' id='word_1_111' title='bbox 989 1331 1031 1369; x_wconf 93' lang='lat' dir='ltr'>in</span> <span class='ocrx_word' id='word_1_112' title='bbox 1066 1330 1234 1370; x_wconf 89' lang='lat' dir='ltr'>strobilo</span> <span class='ocrx_word' id='word_1_113' title='bbox 1267 1329 1606 1370; x_wconf 89' lang='lat' dir='ltr'>Amentacearum.</span> 
     </span>
     <span class='ocr_line' id='line_1_17' title="bbox 266 1405 1607 1459; baseline -0.001 -12"><span class='ocrx_word' id='word_1_114' title='bbox 266 1407 373 1447; x_wconf 84' lang='lat' dir='ltr'>Num</span> <span class='ocrx_word' id='word_1_115' title='bbox 401 1407 565 1447; x_wconf 89' lang='lat' dir='ltr'>ovulum</span> <span class='ocrx_word' id='word_1_116' title='bbox 592 1407 633 1446; x_wconf 91' lang='lat' dir='ltr'>in</span> <span class='ocrx_word' id='word_1_117' title='bbox 659 1407 768 1447; x_wconf 87' lang='lat' dir='ltr'>hisce</span> <span class='ocrx_word' id='word_1_118' title='bbox 796 1407 942 1459; x_wconf 90' lang='lat' dir='ltr'>plantis</span> <span class='ocrx_word' id='word_1_119' title='bbox 968 1407 1116 1446; x_wconf 88' lang='lat' dir='ltr'>nudum</span> <span class='ocrx_word' id='word_1_120' title='bbox 1140 1407 1209 1456; x_wconf 86' lang='lat' dir='ltr'>sit,</span> <span class='ocrx_word' id='word_1_121' title='bbox 1248 1407 1352 1446; x_wconf 87' lang='lat' dir='ltr'>infra</span> <span class='ocrx_word' id='word_1_122' title='bbox 1377 1405 1607 1445; x_wconf 85' lang='lat' dir='ltr'>videbimus.</span> 
     </span>
     <span class='ocr_line' id='line_1_18' title="bbox 267 1483 1607 1536; baseline -0.001 -12"><span class='ocrx_word' id='word_1_123' title='bbox 267 1485 312 1524; x_wconf 90' lang='lat' dir='ltr'>In</span> <span class='ocrx_word' id='word_1_124' title='bbox 339 1484 438 1523; x_wconf 87' lang='lat' dir='ltr'>Pino</span> <span class='ocrx_word' id='word_1_125' title='bbox 466 1495 651 1536; x_wconf 85' lang='lat' dir='ltr'>squamae</span> <span class='ocrx_word' id='word_1_126' title='bbox 686 1497 788 1535; x_wconf 86' lang='lat' dir='ltr'>apex</span> <span class='ocrx_word' id='word_1_127' title='bbox 822 1496 991 1523; x_wconf 89' lang='lat' dir='ltr'>verruca</span> <span class='ocrx_word' id='word_1_128' title='bbox 1016 1484 1268 1536; x_wconf 82' lang='lat' dir='ltr'>pyramidata</span> <span class='ocrx_word' id='word_1_129' title='bbox 1302 1483 1508 1534; x_wconf 80' lang='lat' dir='ltr'>insignitus</span> <span class='ocrx_word' id='word_1_130' title='bbox 1537 1487 1607 1532; x_wconf 86' lang='lat' dir='ltr'>est,</span> 
     </span>
     <span class='ocr_line' id='line_1_19' title="bbox 267 1560 1609 1614; baseline -0.001 -14"><span class='ocrx_word' id='word_1_131' title='bbox 267 1561 360 1614; x_wconf 88' lang='lat' dir='ltr'>quia</span> <span class='ocrx_word' id='word_1_132' title='bbox 387 1561 483 1600; x_wconf 84' lang='lat' dir='ltr'>folia</span> <span class='ocrx_word' id='word_1_133' title='bbox 511 1561 740 1600; x_wconf 88' lang='lat' dir='ltr'>fasciculata</span> <span class='ocrx_word' id='word_1_134' title='bbox 766 1565 874 1610; x_wconf 88' lang='lat' dir='ltr'>sunt,</span> <span class='ocrx_word' id='word_1_135' title='bbox 903 1564 943 1599; x_wconf 88' lang='grc'>01</span> <span class='ocrx_word' id='word_1_136' title='bbox 969 1560 1147 1613; x_wconf 85' lang='lat' dir='ltr'>pyramis</span> <span class='ocrx_word' id='word_1_137' title='bbox 1176 1560 1378 1599; x_wconf 91' lang='lat' dir='ltr'>residuum</span> <span class='ocrx_word' id='word_1_138' title='bbox 1406 1563 1466 1599; x_wconf 86' lang='lat' dir='ltr'>est</span> <span class='ocrx_word' id='word_1_139' title='bbox 1493 1573 1609 1612; x_wconf 86' lang='lat' dir='ltr'>squa-</span> 
     </span>
     <span class='ocr_line' id='line_1_20' title="bbox 265 1636 1609 1686; baseline -0.002 -8"><span class='ocrx_word' id='word_1_140' title='bbox 265 1651 421 1678; x_wconf 88' lang='lat' dir='ltr'>marum</span> <span class='ocrx_word' id='word_1_141' title='bbox 458 1637 775 1677; x_wconf 89' lang='lat' dir='ltr'>fasciculatarum</span> <span class='ocrx_word' id='word_1_142' title='bbox 811 1642 851 1677; x_wconf 90' lang='lat' dir='ltr'>et</span> <span class='ocrx_word' id='word_1_143' title='bbox 887 1637 1136 1686; x_wconf 86' lang='lat' dir='ltr'>coalitarum‚</span> <span class='ocrx_word' id='word_1_144' title='bbox 1172 1636 1422 1676; x_wconf 87' lang='lat' dir='ltr'>interioribus</span> <span class='ocrx_word' id='word_1_145' title='bbox 1457 1636 1609 1676; x_wconf 85' lang='lat' dir='ltr'>scilicet</span> 
     </span>
     <span class='ocr_line' id='line_1_21' title="bbox 266 1713 1607 1767; baseline -0.001 -13"><span class='ocrx_word' id='word_1_146' title='bbox 266 1714 462 1762; x_wconf 82' lang='lat' dir='ltr'>evanidis3</span> <span class='ocrx_word' id='word_1_147' title='bbox 505 1714 548 1753; x_wconf 91' lang='grc'>111</span> <span class='ocrx_word' id='word_1_148' title='bbox 581 1713 723 1754; x_wconf 89' lang='lat' dir='ltr'>Abiete</span> <span class='ocrx_word' id='word_1_149' title='bbox 752 1717 792 1754; x_wconf 87' lang='lat' dir='ltr'>et</span> <span class='ocrx_word' id='word_1_150' title='bbox 818 1715 938 1754; x_wconf 88' lang='lat' dir='ltr'>Picea</span> <span class='ocrx_word' id='word_1_151' title='bbox 965 1726 1152 1767; x_wconf 83' lang='lat' dir='ltr'>squamae</span> <span class='ocrx_word' id='word_1_152' title='bbox 1179 1713 1380 1765; x_wconf 85' lang='lat' dir='ltr'>simplices</span> <span class='ocrx_word' id='word_1_153' title='bbox 1407 1717 1514 1763; x_wconf 84' lang='lat' dir='ltr'>sunt,</span> <span class='ocrx_word' id='word_1_154' title='bbox 1548 1713 1607 1752; x_wconf 92' lang='lat' dir='ltr'>uti</span> 
     </span>
     <span class='ocr_line' id='line_1_22' title="bbox 267 1791 581 1832; baseline 0 -1"><span class='ocrx_word' id='word_1_155' title='bbox 267 1792 364 1832; x_wconf 84' lang='lat' dir='ltr'>folia</span> <span class='ocrx_word' id='word_1_156' title='bbox 391 1791 581 1832; x_wconf 89' lang='lat' dir='ltr'>solitaria.</span> 
     </span>
    </p>

    <p class='ocr_par' dir='ltr' id='par_1_8' title="bbox 263 1866 1646 2306">
     <span class='ocr_line' id='line_1_23' title="bbox 376 1866 1606 1920; baseline -0.003 -12"><span class='ocrx_word' id='word_1_157' title='bbox 376 1869 564 1920; x_wconf 87' lang='lat' dir='ltr'>Spadix</span> <span class='ocrx_word' id='word_1_158' title='bbox 599 1872 660 1908; x_wconf 89' lang='lat' dir='ltr'>est</span> <span class='ocrx_word' id='word_1_159' title='bbox 696 1867 944 1920; x_wconf 91' lang='lat' dir='ltr'>pedunculus</span> <span class='ocrx_word' id='word_1_160' title='bbox 970 1867 1012 1906; x_wconf 90' lang='lat' dir='ltr'>in</span> <span class='ocrx_word' id='word_1_161' title='bbox 1038 1866 1149 1918; x_wconf 84' lang='lat' dir='ltr'>apice</span> <span class='ocrx_word' id='word_1_162' title='bbox 1183 1866 1251 1906; x_wconf 91' lang='lat' dir='ltr'>ubi</span> <span class='ocrx_word' id='word_1_163' title='bbox 1277 1867 1397 1906; x_wconf 86' lang='lat' dir='ltr'>flores</span> <span class='ocrx_word' id='word_1_164' title='bbox 1425 1866 1606 1915; x_wconf 86' lang='lat' dir='ltr'>insident,</span> 
     </span>
     <span class='ocr_line' id='line_1_24' title="bbox 265 1942 1607 1997; baseline -0.004 -12"><span class='ocrx_word' id='word_1_165' title='bbox 265 1946 514 1986; x_wconf 69' lang='lat' dir='ltr'>incrassatus</span> <span class='ocrx_word' id='word_1_166' title='bbox 578 1944 688 1985; x_wconf 89' lang='lat' dir='ltr'>Alias</span> <span class='ocrx_word' id='word_1_167' title='bbox 728 1945 976 1997; x_wconf 89' lang='lat' dir='ltr'>pedunculus</span> <span class='ocrx_word' id='word_1_168' title='bbox 1019 1944 1163 1983; x_wconf 91' lang='lat' dir='ltr'>ibidem</span> <span class='ocrx_word' id='word_1_169' title='bbox 1206 1943 1409 1982; x_wconf 85' lang='lat' dir='ltr'>tenuescit.</span> <span class='ocrx_word' id='word_1_170' title='bbox 1470 1942 1607 1981; x_wconf 89' lang='lat' dir='ltr'>Oritur</span> 
     </span>
     <span class='ocr_line' id='line_1_25' title="bbox 266 2019 1604 2077; baseline -0.003 -15"><span class='ocrx_word' id='word_1_171' title='bbox 266 2037 317 2063; x_wconf 88' lang='lat' dir='ltr'>ex</span> <span class='ocrx_word' id='word_1_172' title='bbox 344 2022 572 2077; x_wconf 81' lang='lat' dir='ltr'>hypanthiis</span> <span class='ocrx_word' id='word_1_173' title='bbox 601 2022 778 2062; x_wconf 88' lang='lat' dir='ltr'>connatis</span> <span class='ocrx_word' id='word_1_174' title='bbox 807 2026 846 2062; x_wconf 89' lang='lat' dir='ltr'>et</span> <span class='ocrx_word' id='word_1_175' title='bbox 873 2023 921 2061; x_wconf 93' lang='lat' dir='ltr'>ab</span> <span class='ocrx_word' id='word_1_176' title='bbox 948 2021 1219 2075; x_wconf 84' lang='lat' dir='ltr'>hypanthodio</span> <span class='ocrx_word' id='word_1_177' title='bbox 1247 2033 1329 2060; x_wconf 90' lang='grc'><strong>11011</strong></span> <span class='ocrx_word' id='word_1_178' title='bbox 1362 2019 1501 2069; x_wconf 84' lang='lat' dir='ltr'>differt,</span> <span class='ocrx_word' id='word_1_179' title='bbox 1529 2020 1604 2059; x_wconf 84' lang='lat' dir='ltr'>nisi</span> 
     </span>
     <span class='ocr_line' id='line_1_26' title="bbox 267 2097 1604 2154; baseline -0.004 -13"><span class='ocrx_word' id='word_1_180' title='bbox 267 2101 376 2154; x_wconf 90' lang='lat' dir='ltr'>quod</span> <span class='ocrx_word' id='word_1_181' title='bbox 403 2101 453 2140; x_wconf 90' lang='lat' dir='ltr'>ad</span> <span class='ocrx_word' id='word_1_182' title='bbox 479 2101 609 2153; x_wconf 86' lang='lat' dir='ltr'>spicas</span> <span class='ocrx_word' id='word_1_183' title='bbox 636 2100 832 2151; x_wconf 88' lang='lat' dir='ltr'>pertineat</span> <span class='ocrx_word' id='word_1_184' title='bbox 863 2103 1043 2147; x_wconf 87' lang='lat' dir='ltr'>mutatas,</span> <span class='ocrx_word' id='word_1_185' title='bbox 1070 2097 1387 2151; x_wconf 83' lang='lat' dir='ltr'>hypanthodium</span> <span class='ocrx_word' id='word_1_186' title='bbox 1420 2109 1519 2136; x_wconf 87' lang='lat' dir='ltr'>vero</span> <span class='ocrx_word' id='word_1_187' title='bbox 1555 2097 1604 2135; x_wconf 87' lang='lat' dir='ltr'>ad</span> 
     </span>
     <span class='ocr_line' id='line_1_27' title="bbox 264 2172 1646 2228; baseline -0.003 -11"><span class='ocrx_word' id='word_1_188' title='bbox 264 2178 466 2217; x_wconf 87' lang='lat' dir='ltr'>umbellas.</span> <span class='ocrx_word' id='word_1_189' title='bbox 523 2179 570 2217; x_wconf 92' lang='grc'>111</span> <span class='ocrx_word' id='word_1_190' title='bbox 596 2175 781 2216; x_wconf 91' lang='lat' dir='ltr'>Aroideis</span> <span class='ocrx_word' id='word_1_191' title='bbox 808 2175 1047 2228; x_wconf 88' lang='lat' dir='ltr'>praesertim,</span> <span class='ocrx_word' id='word_1_192' title='bbox 1076 2174 1285 2223; x_wconf 87' lang='lat' dir='ltr'>invenitur,</span> <span class='ocrx_word' id='word_1_193' title='bbox 1313 2174 1354 2213; x_wconf 91' lang='lat' dir='ltr'>in</span> <span class='ocrx_word' id='word_1_194' title='bbox 1381 2172 1604 2225; x_wconf 84' lang='lat' dir='ltr'>Artocarpo</span> <span class='ocrx_word' id='word_1_195' title='bbox 1642 2175 1646 2179; x_wconf 74' lang='grc'><em>’</em></span> 
     </span>
     <span class='ocr_line' id='line_1_28' title="bbox 263 2237 1588 2306; baseline -0.005 -12"><span class='ocrx_word' id='word_1_196' title='bbox 263 2254 492 2294; x_wconf 83' lang='lat' dir='ltr'>affinitatem</span> <span class='ocrx_word' id='word_1_197' title='bbox 520 2267 610 2294; x_wconf 88' lang='lat' dir='ltr'>cum</span> <span class='ocrx_word' id='word_1_198' title='bbox 637 2253 904 2306; x_wconf 86' lang='lat' dir='ltr'>hypanthodio</span> <span class='ocrx_word' id='word_1_199' title='bbox 931 2265 1026 2304; x_wconf 89' lang='lat' dir='ltr'>prae</span> <span class='ocrx_word' id='word_1_200' title='bbox 1054 2264 1098 2291; x_wconf 90' lang='lat' dir='ltr'>se</span> <span class='ocrx_word' id='word_1_201' title='bbox 1123 2252 1211 2291; x_wconf 85' lang='lat' dir='ltr'>fert.</span> <span class='ocrx_word' id='word_1_202' title='bbox 1585 2237 1588 2242; x_wconf 39' lang='lat'>⁸</span> 
     </span>
    </p>
   </div>
   <div class='ocr_carea' id='block_1_8' title="bbox 267 2346 1602 2502">
    <p class='ocr_par' dir='ltr' id='par_1_9' title="bbox 267 2346 1602 2502">
     <span class='ocr_line' id='line_1_29' title="bbox 267 2346 1602 2415; baseline -0.003 -16"><span class='ocrx_word' id='word_1_203' title='bbox 267 2354 373 2401; x_wconf 88' lang='lat'>135.</span> <span class='ocrx_word' id='word_1_204' title='bbox 440 2353 489 2399; x_wconf 82' lang='lat' dir='ltr'>R</span> <span class='ocrx_word' id='word_1_205' title='bbox 499 2369 525 2399; x_wconf 93' lang='lat' dir='ltr'>e</span> <span class='ocrx_word' id='word_1_206' title='bbox 535 2369 561 2399; x_wconf 88' lang='grc'>0</span> <span class='ocrx_word' id='word_1_207' title='bbox 571 2369 597 2399; x_wconf 91' lang='grc'>0</span> <span class='ocrx_word' id='word_1_208' title='bbox 606 2355 707 2415; x_wconf 82' lang='lat' dir='ltr'>pta</span> <span class='ocrx_word' id='word_1_209' title='bbox 718 2369 744 2399; x_wconf 95' lang='lat' dir='ltr'>c</span> <span class='ocrx_word' id='word_1_210' title='bbox 755 2349 857 2398; x_wconf 93' lang='lat' dir='ltr'>ulu</span> <span class='ocrx_word' id='word_1_211' title='bbox 867 2368 914 2398; x_wconf 91' lang='lat' dir='ltr'>m</span> <span class='ocrx_word' id='word_1_212' title='bbox 946 2355 1020 2398; x_wconf 85' lang='lat' dir='ltr'>est</span> <span class='ocrx_word' id='word_1_213' title='bbox 1051 2348 1212 2397; x_wconf 85' lang='lat' dir='ltr'>nodus</span> <span class='ocrx_word' id='word_1_214' title='bbox 1234 2347 1431 2396; x_wconf 87' lang='lat' dir='ltr'>clausus</span> <span class='ocrx_word' id='word_1_215' title='bbox 1465 2346 1602 2396; x_wconf 88' lang='lat' dir='ltr'>floris</span> 
     </span>
     <span class='ocr_line' id='line_1_30' title="bbox 458 2442 920 2502; baseline -0.004 -15"><span class='ocrx_word' id='word_1_216' title='bbox 458 2443 627 2502; x_wconf 81' lang='lat' dir='ltr'>partes</span> <span class='ocrx_word' id='word_1_217' title='bbox 661 2442 920 2487; x_wconf 85' lang='lat' dir='ltr'>sustinens.</span> 
     </span>
    </p>
   </div>
   <div class='ocr_carea' id='block_1_9' title="bbox 262 2534 1603 2670">
    <p class='ocr_par' dir='ltr' id='par_1_10' title="bbox 262 2534 1603 2670">
     <span class='ocr_line' id='line_1_31' title="bbox 371 2534 1603 2590; baseline -0.004 -12"><span class='ocrx_word' id='word_1_218' title='bbox 371 2539 680 2590; x_wconf 88' lang='lat' dir='ltr'>Receptaculum</span> <span class='ocrx_word' id='word_1_219' title='bbox 712 2538 924 2588; x_wconf 89' lang='lat' dir='ltr'>(thalamus</span> <span class='ocrx_word' id='word_1_220' title='bbox 952 2538 1140 2577; x_wconf 87' lang='lat' dir='ltr'>Tournef.</span> <span class='ocrx_word' id='word_1_221' title='bbox 1168 2535 1341 2586; x_wconf 82' lang='lat' dir='ltr'>Ludwig.</span> <span class='ocrx_word' id='word_1_222' title='bbox 1367 2536 1504 2575; x_wconf 89' lang='lat' dir='ltr'>thorus</span> <span class='ocrx_word' id='word_1_223' title='bbox 1532 2534 1603 2573; x_wconf 86' lang='lat' dir='ltr'>Sa-</span> 
     </span>
     <span class='ocr_line' id='line_1_32' title="bbox 262 2611 1603 2670; baseline -0.004 -16"><span class='ocrx_word' id='word_1_224' title='bbox 262 2613 350 2656; x_wconf 89' lang='lat' dir='ltr'>lisb.</span> <span class='ocrx_word' id='word_1_225' title='bbox 378 2616 501 2656; x_wconf 86' lang='lat' dir='ltr'>Gand.</span> <span class='ocrx_word' id='word_1_226' title='bbox 528 2616 822 2670; x_wconf 83' lang='lat' dir='ltr'>phycostemon</span> <span class='ocrx_word' id='word_1_227' title='bbox 852 2616 1022 2667; x_wconf 84' lang='lat' dir='ltr'>pessime</span> <span class='ocrx_word' id='word_1_228' title='bbox 1051 2613 1193 2665; x_wconf 86' lang='lat' dir='ltr'>Turp.)</span> <span class='ocrx_word' id='word_1_229' title='bbox 1220 2616 1278 2653; x_wconf 82' lang='lat' dir='ltr'>est</span> <span class='ocrx_word' id='word_1_230' title='bbox 1303 2624 1395 2663; x_wconf 87' lang='lat' dir='ltr'>pars</span> <span class='ocrx_word' id='word_1_231' title='bbox 1422 2611 1603 2662; x_wconf 89' lang='lat' dir='ltr'>superior</span> 
     </span>
    </p>
   </div>
  </div>
 </body>
</html>
