1682 2938
929 123 1013 165 320

299 242 378 282 que
420 230 614 279 extensis,
655 232 862 272 maximam
902 239 1053 286 partem
1091 237 1290 288 sporangii
1336 240 1636 291 occupantibus;

299 307 525 348 membrana
553 307 742 349 cellulosa
770 323 926 362 sporas,
971 313 1197 354 continente
1228 315 1269 354 in
1302 319 1382 356 tres
1419 322 1635 370 quatuorve

300 396 467 423 acervos
495 383 752 436 conglobatos
786 387 835 426 ad
870 388 1070 450 minimum
1105 392 1265 431 redacta
1292 393 1472 444 spatium.
1527 396 1634 435 Haec

295 460 507 512 sporangia
544 461 760 502 loricata
799 463 892 503 mihi
930 465 1035 505 dicta
1073 468 1272 518 pedicello
1317 483 1450 510 carere
1492 471 1633 521 solent,

292 542 434 589 gyrata
467 538 556 590 ipso
594 539 769 591 praedita
802 545 904 581 sunt.
962 543 1083 594 Septa
1111 544 1150 582 in
1178 545 1285 585 hisce
1320 547 1540 599 sporangiis
1568 549 1652 588 ha--

294 614 390 654 bent
416 618 655 655 structuram
683 617 1049 668 dissepimentorum
1076 621 1117 660 in
1139 623 1448 674 Phanerogamis,
1478 628 1537 664 est
1563 625 1634 664 ita-

293 704 371 743 que
404 692 664 743 sporangium
699 693 859 744 capsula
894 695 1191 737 multilocularis
1225 698 1500 740 loculamentis
1528 701 1632 752 peri-

290 769 462 820 phericis
504 769 647 818 cassis,
685 770 897 810 seminibus
939 773 988 811 ad
1028 774 1197 813 mediam
1235 777 1431 827 protrusis
1465 782 1632 829 partem.

294 844 514 897 Sporarum
541 845 669 886 varias
698 846 844 887 formas
873 853 1054 889 recenset
1081 851 1300 892 Preslius
1327 866 1364 893 v.
1392 853 1418 893 i.

401 977 619 1017 Glandulas
665 978 869 1018 frondibus
920 980 1140 1021 convolutis
1184 981 1398 1024 insidentes
1447 985 1628 1024 antheras

295 1065 380 1093 esse
409 1052 693 1106 Hedwigius
720 1055 871 1107 putavit
899 1056 1099 1106 (Theor.
1127 1063 1340 1110 generat.
1370 1063 1417 1099 et
1444 1047 1628 1100 fruetis.

289 1130 351 1182 pl.
381 1131 853 1183 cryptogam.Petro.
884 1131 1005 1175 1784.
1033 1134 1071 1175 4.
1101 1149 1185 1187 cap.
1202 1135 1240 1176 3.
1269 1141 1365 1176 sect.
1380 1135 1451 1185 2.).
1509 1136 1629 1176 Glan-

289 1207 404 1247 dulas
431 1221 529 1248 vero
558 1221 644 1248 esse
672 1208 998 1260 Sprengelius
1034 1211 1135 1252 bene
1163 1214 1316 1253 monuit
1354 1213 1562 1263 (Anleit.
1591 1227 1625 1253 z.

290 1285 497 1325 Kenntn.
528 1286 565 1325 d.
595 1285 722 1328 Gew.
751 1286 810 1325 ed.
840 1285 876 1326 1.
905 1286 943 1326 2.
977 1288 1022 1328 T.
1035 1287 1107 1339 3.).
1161 1291 1299 1330 Partes
1327 1290 1498 1330 clavatas
1526 1290 1628 1330 inter

289 1362 501 1414 sporangia
527 1363 678 1414 positas
705 1375 787 1402 non
816 1375 900 1403 esse
928 1366 1109 1405 antheras
1137 1367 1207 1406 sed
1234 1367 1518 1419 paraphysibus
1536 1366 1627 1406 Mu-

288 1452 448 1480 scorum
475 1440 622 1480 similes
659 1444 810 1491 partes,
854 1442 975 1492 septis
1016 1455 1113 1483 vero
1149 1443 1267 1483 nullis
1303 1444 1490 1483 discretas
1522 1443 1626 1483 idem

286 1517 441 1556 monuit
469 1522 609 1557 contra
637 1517 767 1566 alium,
796 1517 932 1558 nescio
951 1532 1067 1571 quem
1094 1519 1146 1570 (Α
1156 1520 1215 1559 nl.
1234 1521 1293 1560 ed.
1303 1520 1341 1561 2.
1362 1521 1407 1560 T.
1420 1520 1458 1560 2.
1472 1534 1510 1572 p.
1525 1519 1624 1570 96.)

286 1593 536 1645 Nuperrimis
580 1594 822 1646 temporibus
863 1595 1058 1645 ejusmodi
1099 1596 1335 1648 corpuscula
1375 1597 1515 1636 iterum
1550 1609 1625 1649 pro

285 1670 516 1710 staminibus
543 1670 659 1710 habet
683 1671 727 1710 G.
755 1671 801 1710 B.
829 1671 1055 1713 Preslius
1090 1675 1382 1724 (Tentamen
1407 1674 1625 1714 Pterido-

285 1747 533 1798 graphiae.
568 1748 680 1799 Prag.
710 1746 830 1788 1836.
858 1761 896 1799 p.
919 1747 1016 1799 16.)
1074 1750 1119 1789 In
1148 1751 1317 1801 juvenili
1351 1755 1479 1790 aetate
1509 1764 1625 1803 prae-

284 1823 420 1863 sertim
448 1823 606 1873 adesse,
644 1823 885 1864 filamentum
919 1825 1064 1865 habere
1092 1826 1181 1877 plus
1209 1826 1337 1866 minus
1365 1827 1528 1879 longum
1555 1841 1624 1867 an-

283 1900 436 1940 theram
462 1899 733 1941 lenticularem
767 1906 834 1941 aut
874 1902 1030 1941 ovalem
1057 1907 1125 1942 aut
1150 1902 1354 1954 globosam
1382 1909 1449 1943 aut
1477 1904 1624 1944 obova-

282 1981 382 2027 tam,
409 1977 522 2016 initio
550 1977 748 2029 hyalinam
776 1978 932 2018 demum
960 1991 1143 2030 opacam,
1179 1980 1291 2032 apice
1315 1981 1381 2020 vel
1405 1994 1511 2032 pone
1540 1981 1623 2033 api-
1661 2027 1663 2031 Α

280 2067 368 2094 cem
395 2058 643 2105 rumpentem
672 2058 711 2094 et
731 2055 933 2095 materiem
956 2055 1326 2097 viscido-mucosam
1347 2057 1622 2098 effundentem.

279 2131 616 2171 Bernhardius
672 2144 885 2171 nervorum
931 2132 1063 2183 apices
1114 2133 1354 2174 incrassatos
1391 2135 1432 2174 in
1467 2135 1619 2175 frondis

277 2207 421 2260 pagina
454 2207 660 2259 superiore
700 2211 884 2260 tanquam
920 2208 1045 2248 instar
1080 2211 1313 2250 verruculae
1351 2212 1620 2263 prominentes

276 2297 353 2337 pro
389 2284 563 2324 antheris
602 2283 814 2324 declaravit
854 2285 1136 2335 (Schrader.
1178 2288 1344 2327 Journ.
1386 2289 1412 2327 f.
1448 2289 1619 2328 Botan.

278 2360 399 2402 1801.
427 2373 465 2400 n.
495 2359 532 2405 1.
566 2373 604 2411 p.
628 2359 698 2411 1.).
754 2359 901 2412 Apices
939 2362 1178 2403 incrassatos
1214 2377 1236 2404 e
1270 2364 1374 2404 vasis
1408 2365 1616 2416 spiralibus

279 2438 400 2478 breve
427 2436 643 2477 articulatis
672 2438 915 2489 compositos
943 2451 1030 2479 esse
1066 2439 1333 2481 demonstravi
1366 2440 1406 2480 in
1432 2439 1617 2481 disserta-

280 2513 388 2553 tione
424 2526 545 2565 supra
577 2513 713 2562 citata3
769 2515 1091 2557 Koelreuteri
1131 2517 1362 2557 sententiam
1402 2531 1476 2570 per
1502 2518 1616 2558 indu-

279 2590 380 2630 sium
434 2591 520 2631 fieri
566 2591 883 2632 secundationem
928 2596 1044 2633 acute
1086 2593 1260 2634 defendit
1305 2595 1612 2636 Treviranus
