1682 2938
891 130 972 172 182

261 237 452 277 scentiam
479 251 620 289 parum
646 243 820 280 mutatae
847 242 1075 293 persistunt,
1103 247 1148 282 ut
1175 243 1215 282 in
1243 243 1359 294 Pino,
1395 245 1605 296 Ericaceis,

263 314 455 365 Cycadeis
478 319 552 355 etc.
607 315 722 356 Rima
750 330 827 369 qua
846 319 1052 359 dehiscunt
1073 320 1306 373 plerumque
1331 321 1506 362 lateralis
1535 327 1605 372 est,

262 391 317 430 ita
351 395 396 430 ut
429 392 566 433 valvae
602 392 819 434 lateraliter
853 397 1055 437 secedunt.
1122 399 1223 437 Tum
1259 400 1445 438 antherae
1481 399 1608 439 rarius

264 468 304 507 in
335 468 415 508 situ
448 470 583 521 priore
617 477 868 522 permanent,
912 486 988 513 nec
1021 475 1099 515 nisi
1137 489 1226 515 cum
1265 490 1405 527 parum
1439 480 1611 516 mutatae
1673 518 1676 521 ,

264 545 496 596 persistunt,
531 547 767 600 plerumque
804 561 854 588 ex
884 551 1026 591 erectis
1054 552 1324 592 incumbentes
1349 554 1448 592 fiunt
1477 554 1610 604 (Ruta,

265 623 553 674 Tropaeolum‚
591 626 838 677 Lysimachia
870 627 985 676 etc.)‚
1030 629 1227 669 interdum
1262 630 1360 669 rima
1394 631 1611 670 introrsum

264 707 433 751 vergunt
458 701 807 750 (Ranunculaceae
837 708 876 744 et
902 705 1048 745 multae
1071 706 1202 755 aliae),
1230 707 1358 747 rarius
1389 712 1613 746 extrorsum

264 777 458 830 (Lilium).
515 780 560 818 In
589 779 669 818 situ
695 786 938 831 permanent,
966 783 1037 822 sed
1065 784 1116 822 ob
1144 783 1343 823 filamenta
1370 784 1611 833 tenuissima,

264 855 437 904 pendula
465 857 636 895 evadunt
669 856 711 895 in
740 856 1004 898 Graminibus.
1059 860 1104 898 In
1131 860 1301 900 Labiatis
1329 861 1429 900 alter
1454 861 1612 901 loculus

267 944 426 972 sursum
435 934 536 973 alter
546 934 733 974 deorsum
747 935 884 986 vergit,
893 935 946 974 ita
960 940 1005 975 ut
1014 936 1135 975 rimae
1152 937 1320 976 duorum
1335 937 1562 978 loculorum
1571 939 1610 978 in

266 1021 346 1047 una
378 1011 593 1062 eademque
614 1010 720 1050 linea
740 1011 1014 1062 longitudinali
1043 1014 1280 1054 conveniant
1301 1027 1440 1054 versus
1466 1015 1613 1055 labium

268 1084 428 1125 directa.
484 1087 557 1127 Est
584 1101 765 1140 quoque,
801 1089 872 1127 sed
908 1089 1054 1138 rarius,
1089 1089 1188 1128 rima
1212 1104 1288 1142 qua
1316 1092 1519 1131 dehiscunt
1546 1106 1614 1132 an-

268 1161 403 1202 therae
432 1165 706 1204 transversalis
735 1169 774 1204 et
799 1165 924 1204 loculi
951 1166 1006 1204 ita
1037 1166 1285 1217 aperiuntur,
1314 1172 1358 1206 ut
1385 1168 1507 1208 altera
1533 1170 1615 1209 val-

267 1238 362 1278 vula
389 1253 566 1290 sursum,
595 1241 720 1281 altera
748 1242 935 1282 deorsum
963 1243 1132 1293 secedat,
1160 1248 1205 1283 ut
1233 1244 1272 1282 in
1301 1245 1491 1295 Veratro,
1519 1247 1616 1286 Ber-

269 1317 423 1367 beride,
460 1319 593 1358 Lauro
621 1323 695 1359 etc.
725 1319 766 1358 in
794 1319 936 1372 quibus
965 1333 1125 1373 quoque
1153 1320 1278 1367 altera
1303 1321 1460 1361 valvula
1487 1322 1618 1362 minor

270 1407 358 1434 esse
386 1395 503 1436 solet.
562 1397 740 1436 Tandem
768 1410 928 1450 quoque
955 1410 1057 1449 poro
1093 1402 1161 1437 aut
1193 1398 1303 1450 poris
1338 1412 1413 1449 pro
1449 1412 1617 1440 numero

269 1471 497 1513 loculorum
526 1477 566 1514 et
594 1474 754 1526 quidem
782 1474 823 1514 in
851 1474 964 1526 apice
992 1475 1201 1515 dehiscunt
1227 1479 1273 1515 ut
1297 1475 1338 1515 in
1366 1475 1515 1516 Solauo
1541 1481 1616 1518 etc.

379 1682 541 1722 Interna
566 1686 767 1722 structura
794 1682 1004 1737 singularis
1034 1686 1073 1722 et
1094 1682 1204 1723 varia
1232 1687 1303 1723 est.
1358 1684 1621 1725 Connecticu-

269 1757 353 1797 lum
390 1759 624 1799 fasciculum
657 1772 845 1799 vasorum
887 1759 1091 1810 spiralium
1128 1760 1303 1799 continet
1338 1773 1412 1811 per
1447 1762 1620 1801 medium

271 1839 558 1887 transeuntem,
618 1837 852 1876 crassiorem
880 1836 1169 1885 tenuioremve,
1215 1836 1413 1875 interdum
1458 1851 1617 1890 quoque

272 1913 556 1953 oblitteratum.
611 1914 759 1953 Ramos
787 1914 974 1953 secedere
1004 1914 1054 1953 ad
1080 1913 1239 1965 pollinis
1268 1913 1432 1964 granula
1469 1919 1507 1954 et
1539 1920 1620 1954 tro-

271 1991 525 2042 phopollines
560 1991 802 2031 constituere
831 2004 853 2030 e
880 1991 1002 2042 raphe
1031 1994 1220 2030 exeuntes
1248 1989 1308 2029 uti
1333 1990 1420 2030 vult
1449 1992 1621 2043 Turpi-

273 2080 361 2107 nus
390 2082 591 2121 nunquam
618 2069 710 2118 vidi,
738 2082 815 2108 nec
842 2068 1026 2108 existunt.
1081 2067 1223 2107 Loculi
1250 2067 1327 2118 ipsi
1343 2080 1364 2107 e
1380 2068 1499 2108 variis
1522 2072 1622 2108 stra-

274 2148 322 2183 tis
361 2151 571 2186 contextus
607 2146 791 2187 cellulosi
826 2145 1140 2197 superimpositis
1170 2149 1363 2184 constant.
1419 2146 1621 2185 Extimum

274 2223 395 2262 modo
424 2224 697 2264 tenuissimum
727 2228 805 2275 est,
847 2227 892 2262 ut
919 2223 1145 2262 membrana
1170 2226 1374 2274 appareat,
1422 2222 1621 2262 rarissime

274 2300 466 2340 stomatiis
495 2302 679 2352 obsitam,
723 2306 768 2342 ut
804 2302 845 2340 in
872 2300 974 2340 Lilio
1002 2300 1199 2341 bulbifero
1233 2300 1383 2352 primus
1410 2299 1623 2353 viditRu-

276 2378 524 2429 dolphius.
551 2383 590 2418 et
624 2392 719 2419 sane
759 2378 1050 2431 elegantissima
1076 2379 1238 2427 adsunt,
1280 2378 1400 2417 modo
1438 2378 1621 2416 crassius.

277 2454 360 2494 Sub
389 2454 538 2494 extimo
566 2459 692 2496 strato
719 2456 827 2496 aliud
854 2460 932 2506 est,
966 2468 1085 2507 saepe
1111 2469 1133 2495 e
1162 2453 1315 2494 cellulis
1341 2453 1496 2493 fibrosis
1525 2466 1622 2493 con-

278 2535 396 2572 stans.
452 2533 531 2572 Has
566 2533 715 2585 primus
750 2533 1054 2584 Purkinjeus
1091 2532 1240 2572 detexit
1274 2535 1313 2571 et
1349 2532 1390 2570 in
1424 2531 1617 2570 Disser-

278 2609 471 2650 tatione
506 2611 562 2650 de
598 2609 806 2650 cellulis
847 2611 1160 2651 antherarum
1195 2609 1423 2657 fibrosis,
1470 2607 1620 2647 Vratis-
