1682 2938
931 128 1014 170 162

298 238 510 278 rianthium
536 249 560 278 a
587 237 802 290 hypanthio
831 238 992 287 secedit,
1019 243 1064 278 ut
1093 240 1134 278 in
1162 240 1348 279 Rosaceis
1378 245 1418 280 et
1444 241 1636 291 affinibus,

296 328 396 368 quae
423 315 668 366 perigyna
703 319 743 354 et
774 314 931 367 quidem
962 316 1190 367 calycina
1219 317 1396 356 dixerim.
1452 318 1637 359 Coronae

294 391 528 444 plerumque
556 391 698 436 adnata
724 396 816 431 sunt
844 392 885 431 in
911 392 1199 445 Monopetalis,
1234 395 1409 445 exceptis
1438 395 1636 434 Ericaceis

294 472 334 508 et
360 467 706 516 Rhododendreis‚
743 469 814 508 sed
842 468 969 508 rarius
1008 482 1058 508 ex
1095 470 1188 521 ipsis
1226 476 1449 522 emergunt,
1487 476 1526 511 et
1554 473 1637 511 fila-

294 549 428 585 mento
459 544 730 584 tantummodo
759 545 901 584 adnato
930 546 979 584 ad
995 547 1288 597 receptaculum
1304 561 1430 600 usque
1457 555 1635 600 pergunt,

291 622 360 661 ubi
404 621 536 660 innata
579 621 851 672 reperiuntur,
895 622 954 661 uti
995 623 1255 664 Cassinius
1294 626 1455 675 jamjam
1502 626 1635 665 statuit

289 700 500 750 (Opusc.
528 697 567 738 2.
605 696 732 746 387.)
797 699 842 738 In
878 699 1144 740 Crassulaceis
1181 705 1219 740 et
1253 701 1410 752 quidem
1446 702 1634 742 interiora
1663 713 1665 715 ·

289 773 513 827 petalorum
542 774 624 813 basi
653 775 878 815 adhaerent.
936 777 1082 816 Partim
1109 777 1252 828 petalis
1290 778 1447 826 adnata,
1492 780 1633 830 partim

288 851 546 903 receptaculo
598 851 745 891 inserta
796 853 1050 904 reperiuntur
1096 853 1137 892 in
1179 854 1313 893 Silene
1358 855 1629 908 affinibusque.

287 929 394 968 Haec
412 928 545 968 omnia
567 928 735 968 stamina
762 929 1004 987 perigyna
1032 930 1286 981 epipetala
1313 931 1489 971 dixerim.
1534 932 1632 972 Ger·
1662 913 1666 918 .

285 1001 381 1044 mini
420 1004 568 1054 inserta
602 1003 643 1044 in
676 1004 855 1044 {floribus
892 1007 1046 1057 superis
1090 1007 1301 1059 epigyna
1343 1008 1528 1051 dicuntur
1563 1013 1631 1048 aut

288 1093 483 1132 supera.

394 1295 623 1347 Secundum
658 1295 775 1336 situm
811 1297 852 1336 in
888 1298 987 1337 flore
1020 1301 1087 1337 aut
1115 1299 1416 1350 monocycla
1444 1303 1535 1338 sunt
1562 1303 1629 1339 aut

282 1372 572 1424 polycycla,
615 1374 854 1426 monocycla
887 1374 1031 1413 iterum
1069 1379 1135 1414 aut
1170 1389 1442 1430 monogyra
1469 1380 1536 1415 aut
1564 1376 1628 1415 di-

281 1461 404 1502 gyra
439 1453 508 1488 aut
540 1449 805 1502 polygyra.
875 1451 1119 1503 Monocycla
1162 1466 1381 1505 monogyra
1418 1457 1457 1492 et
1492 1453 1628 1504 digyra

280 1526 306 1565 J
313 1525 522 1566 ussieuo
552 1526 712 1566 definita
740 1533 946 1578 vocantur,
976 1529 1127 1582 reliqua
1145 1529 1354 1580 indefinita,
1383 1530 1543 1569 nomine
1558 1529 1627 1568 mi-

280 1615 355 1642 nus
384 1603 512 1652 bono,
556 1617 646 1643 cum
674 1618 816 1645 revera
837 1605 1051 1645 vindefinita
1077 1619 1159 1646 non
1186 1607 1275 1646 sint.
1331 1607 1412 1646 Sed
1440 1607 1507 1647 illa
1534 1606 1627 1646 faci-

281 1679 398 1720 cilius
434 1692 525 1719 cum
565 1681 759 1731 perigonii
803 1683 950 1733 phyllis
986 1684 1203 1723 secundum
1242 1684 1360 1723 situm
1408 1683 1626 1734 comparari

280 1760 466 1808 possunt,
512 1770 629 1809 quam
663 1758 772 1798 haec.
826 1758 986 1798 Novum
1023 1760 1262 1799 verticillum
1290 1761 1525 1812 plerumque
1549 1763 1626 1799 sta—

280 1833 386 1873 mina
423 1833 465 1872 in
500 1834 599 1873 flore
637 1834 840 1886 incipiunt.
905 1836 965 1874 De
1001 1836 1210 1874 staminum
1244 1836 1506 1876 alternatione
1535 1850 1624 1892 cum

279 1910 477 1965 perigonii
504 1910 651 1962 phyllis
679 1915 746 1950 aut
777 1924 916 1954 eorum
940 1913 1196 1971 oppositione
1219 1915 1300 1964 J'am
1330 1926 1449 1965 supra
1477 1913 1623 1952 dictum

281 1991 350 2037 est,
381 1991 421 2027 et
447 1988 547 2028 varii
576 1999 691 2028 casus
718 1988 891 2043 anomali
919 1988 1114 2041 explicati.

383 2201 583 2243 Numerus
611 2205 821 2244 staminum
848 2195 986 2244 reduci
1018 2207 1148 2255 potest
1184 2204 1232 2243 ad
1260 2202 1499 2255 primitivos,
1542 2209 1620 2243 ter-

276 2277 448 2327 narium,
477 2282 788 2332 quaternarium,
817 2274 1055 2334 quinarium;
1093 2281 1264 2331 majores
1292 2281 1445 2319 numeri
1473 2293 1495 2319 e
1522 2280 1620 2319 mul-

275 2341 521 2408 tiplicatione
550 2358 750 2408 oriuntur,
789 2359 962 2398 minores
996 2371 1019 2397 e
1051 2357 1221 2399 defectu.
1277 2357 1497 2413 Numerum
1525 2371 1618 2410 qua·
1680 2399 1682 2402 ,

274 2431 490 2472 ternarium
525 2437 592 2473 aut
624 2434 865 2486 primitivum
904 2434 1036 2474 dicere
1069 2430 1246 2486 'poteris‘
1276 2438 1343 2473 aut
1378 2434 1614 2491 defectivum

276 2509 514 2561 quinarium,
555 2523 646 2551 cum
683 2525 764 2552 non
800 2524 892 2558 raro
927 2524 1113 2575 numerus
1141 2511 1351 2565 *quinarius
1390 2511 1547 2551 defectu
1574 2510 1614 2548 in

275 2586 566 2637 quaternarium
596 2588 736 2644 >redeat
773 2592 812 2629 et
848 2575 1123 2640 quaternarius
1157 2588 1355 2630 additione
1382 2588 1497 2629 unius
1526 2599 1615 2637 par-
