1682 2938
866 129 949 170 204

237 237 292 286 fit,
323 235 558 286 extenditur,
590 249 709 289 saepe
738 237 790 277 ita
817 242 863 278 ut
888 252 962 291 per
988 251 1112 291 poros
1139 239 1325 280 sulcosve
1355 244 1481 290 exeat,
1509 246 1576 281 aut

236 314 361 352 instar
387 326 540 354 massae
571 327 780 366 grumosac
796 315 970 363 diffusae,
1001 320 1068 356 aut
1087 316 1127 354 in
1143 316 1265 367 longo
1283 318 1457 366 tramite,
1486 331 1577 356 cau-

236 391 325 429 dam
353 391 499 431 sistens
526 392 824 441 vermiformen‚
867 405 988 444 saepe
1017 393 1306 444 longissimam,
1351 394 1442 433 hinc
1483 394 1576 433 inde

235 471 398 517 tortam,
436 468 630 507 interdum
658 467 872 519 ramosam,
909 469 1083 520 granulis
1111 470 1379 510 minutissimis
1418 471 1576 510 foetam.

233 545 391 584 Haecce
429 545 606 585 excretio
644 546 759 585 valde
795 550 962 598 augetur
996 546 1031 586 si
1064 546 1284 598 paullulum
1313 547 1416 586 acidi
1445 548 1576 598 cujus-

233 622 322 661 dam
366 621 543 662 fortioris
582 623 816 674 praesertim
845 623 948 662 acidi
993 623 1123 662 nitrici
1165 636 1290 675 aquae
1325 623 1574 662 admiscetur.

232 699 374 738 Certus
402 711 510 748 sum,
544 699 809 738 membranam
845 700 1040 739 internam
1074 713 1157 739 non
1195 700 1303 739 exire
1331 700 1402 739 sed
1429 713 1574 739 novam

231 775 380 816 exoriri
414 776 681 815 membranam
710 789 732 815 e
759 776 995 827 mucilagine
1025 777 1237 826 exteriore,
1268 777 1408 816 eodem
1436 776 1572 826 modo,

230 866 310 906 quo
331 853 411 892 tela
439 865 671 892 aranearum
704 852 914 892 induratur
941 836 1010 892 aut
1036 853 1317 904 Bombyscum.
1346 853 1440 892 Vidi
1469 852 1572 891 enim

228 934 362 981 partes
399 930 546 968 caudae
590 928 742 968 solutas
779 936 819 968 et
863 930 1030 969 seorsim
1065 933 1257 969 natantes,
1327 929 1371 968 Si
1414 942 1572 982 quoque

229 1011 311 1046 tres
346 1006 436 1058 pori
471 1006 630 1053 adsunt,
677 1018 727 1043 ex
764 1018 845 1045 uno
883 1006 1008 1045 cauda
1046 1005 1145 1054 exit,
1189 1005 1416 1045 membrana
1443 1009 1571 1056 rupta,

228 1083 321 1122 dum
350 1096 372 1123 e
399 1082 561 1135 reliquis
587 1082 814 1121 membrana
841 1087 1064 1122 tumescens
1102 1066 1222 1121 instar
1256 1094 1447 1121 verrucae
1474 1094 1568 1133 pro-

228 1160 302 1210 dit,
364 1160 469 1198 unde
513 1163 622 1211 patet
668 1158 933 1198 membranam
968 1159 1164 1198 internam
1200 1171 1282 1198 non
1316 1171 1406 1198 cum
1446 1158 1572 1196 cauda

228 1250 316 1276 esse
345 1236 530 1288 elapsam.
587 1236 692 1275 Sane
715 1235 1016 1287 phaenomenon
1033 1235 1242 1287 singulare,
1271 1248 1432 1287 parvam
1453 1233 1571 1273 'fovil-

225 1313 290 1353 lae
320 1314 474 1365 copiam
501 1316 708 1365 tantopere
746 1325 927 1351 crescere
957 1316 997 1351 et
1025 1313 1180 1364 augeri,
1216 1326 1290 1365 per
1316 1310 1570 1351 endosmosin

225 1403 307 1430 non
337 1390 581 1442 explicanda.
639 1390 798 1428 Motum
826 1388 1083 1440 granulorum
1112 1390 1153 1429 in
1180 1390 1301 1430 hacce
1331 1389 1457 1428 cauda
1484 1399 1569 1426 sae-

225 1468 386 1520 pissime
412 1467 504 1516 vidi,
534 1467 606 1506 sed
633 1466 807 1518 granulis
836 1480 918 1506 non
945 1467 1161 1519 propriam.

332 1598 618 1650 Explosionem
653 1598 910 1650 granulorum
951 1595 1114 1650 pollinis
1158 1598 1198 1638 in
1233 1610 1334 1650 aqua
1371 1597 1454 1646 jam
1485 1597 1567 1646 jam

223 1676 470 1716 Linnaeus
498 1676 610 1724 vidit,
646 1675 854 1727 granulum
881 1676 1012 1727 rumpi
1040 1675 1211 1727 putavit,
1252 1674 1428 1714 fovillam
1458 1673 1568 1712 emit-

222 1758 325 1802 tere,
362 1766 462 1805 quae
501 1752 770 1791 fecundationi
806 1752 1001 1791 inserviat.
1066 1750 1130 1790 Ad
1162 1752 1465 1802 phaenomenon
1499 1763 1567 1800 pa-

222 1845 310 1870 rum
339 1830 476 1870 attenti
510 1831 670 1868 fuerunt
706 1828 906 1877 Botanici,
948 1832 1159 1880 postquam
1196 1826 1577 1866 Koelreuterus-

222 1909 368 1958 docuit,
398 1907 716 1947 fecundationem
744 1919 817 1957 per
846 1905 979 1945 oleum
1002 1884 1099 1964 ³§eri
1129 1918 1150 1944 e
1178 1903 1328 1955 polline
1356 1907 1565 1941 secretum.

222 1988 323 2025 Tum
352 1998 449 2025 vero
480 1983 673 2035 ejusmodi
711 1984 875 2022 caudam
905 1996 925 2021 e
955 1981 1122 2033 granulo
1158 1980 1318 2032 pollinis
1357 1983 1567 2019 exeuntem

221 2064 262 2103 in
303 2063 482 2114 stigmate
512 2053 744 2100 Portulac'ae
765 2048 767 2051 .
786 2060 993 2099 oleraceae
1029 2058 1126 2098 vidit
1153 2057 1374 2096 Amicius
1413 2060 1451 2121 et
1489 2056 1568 2094 hoc

220 2141 340 2181 modo
369 2139 686 2179 fecundationem
722 2137 808 2176 fieri
848 2136 1016 2176 asseruit
1061 2134 1184 2184 (Am.
1214 2134 1249 2173 d.
1279 2146 1339 2172 sc.
1369 2147 1406 2172 n.
1434 2133 1472 2173 2.
1501 2133 1567 2172 65.

223 2223 250 2259 t.
277 2218 315 2258 4.
347 2219 372 2258 f.
399 2217 472 2265 2.).
528 2218 624 2255 Post
651 2214 850 2255 Amicium
876 2212 1248 2264 Brongniartus
1278 2210 1426 2249 similes
1455 2209 1568 2249 emis-

221 2299 353 2338 siones
383 2295 545 2334 fovillae
573 2294 613 2331 in
640 2292 821 2343 stigmate
851 2290 1085 2339 observavit,
1116 2290 1357 2340 caudamque
1387 2291 1448 2327 sat
1475 2300 1568 2338 pro-

222 2375 340 2415 funde
370 2373 410 2411 in
433 2371 551 2410 telam
576 2369 807 2409 cellulosam
836 2367 1027 2419 stigmatis
1056 2370 1264 2417 penetrare
1293 2365 1390 2404 vidit
1418 2364 1567 2411 (Ann-

221 2454 256 2491 d.
287 2464 350 2490 sc.
379 2463 416 2488 n.
448 2447 511 2486 12.
540 2447 631 2486 145.
663 2451 689 2485 t.
705 2445 769 2486 34.
801 2446 828 2485 f.
846 2444 881 2484 1.
912 2448 939 2483 t.
957 2443 1022 2483 35.
1054 2444 1079 2482 f.
1100 2442 1136 2482 1.
1168 2446 1207 2481 et
1234 2442 1271 2481 2.
1301 2444 1327 2479 t.
1343 2440 1408 2480 37.
1440 2441 1466 2479 f.
1493 2440 1565 2488 3.).

222 2529 399 2568 Tandem
418 2524 510 2565 Jul.
527 2523 839 2562 Fritzschius
867 2535 950 2560 rem
977 2523 1160 2560 accurate
1191 2518 1375 2570 exposuit
1404 2521 1442 2556 et
1471 2517 1563 2567 figu-

222 2606 276 2646 ris
304 2602 513 2645 illustravit
547 2586 589 2642 in
616 2600 753 2640 libello
789 2612 910 2650 supra
950 2597 1070 2638 citato
1106 2597 1256 2636 Beitr.
1287 2609 1320 2635 z.
1352 2596 1564 2635 Kenntn.
