1682 2938
919 131 1002 174 208

290 239 349 278 bis
377 238 520 290 pollini
548 238 707 289 adnatis,
736 245 776 280 et
802 241 978 294 quidem,
1006 243 1064 283 uti
1091 245 1247 285 videtur
1274 248 1514 299 excretione‚
1539 262 1629 290 nam

290 316 415 368 qualis
445 317 496 356 sit
522 316 582 356 vis
611 318 836 369 prolificans
865 319 906 358 in
934 321 1089 370 fovilla,
1138 299 1332 364 testantur
1367 327 1513 366 caudae
1541 325 1627 367 lon-

290 393 486 444 gissimae,
520 407 616 446 quas
644 408 784 446 parum
814 397 976 436 fovillae
1007 399 1208 449 propellit.

395 470 515 510 Mixti
549 475 640 510 sunt
675 485 765 511 cum
802 473 909 512 hisce
944 474 1047 513 tubis
1080 476 1299 526 pollinariis
1326 478 1393 517 alii
1426 479 1510 518 tubi
1538 480 1625 520 bre-

285 547 417 587 viores
446 548 667 600 ampliores,
692 562 774 589 non
802 563 893 589 raro
922 551 1044 603 septis
1072 552 1241 592 distincti
1267 557 1510 605 transversis,
1540 569 1625 607 gra-

284 625 387 664 nulis
416 630 474 664 sat
501 625 650 676 magnis
679 626 830 677 repleti,
859 640 959 679 quos
989 628 1103 667 tubos
1132 630 1370 681 stigmaticos
1388 634 1622 672 vocaverim.

285 702 479 742 Oriuntur
506 715 527 742 e
555 702 731 754 papillis,
759 705 992 754 praesertim
1018 710 1111 757 post
1138 707 1467 748 secundationem.

703 847 748 886 E.
803 839 1196 889 Parastemones.

388 945 768 984 Parastemones
805 950 897 984 sunt
931 950 1064 996 partes
1105 947 1333 986 staminibus
1369 948 1533 999 similes,
1577 950 1618 989 in

279 1021 488 1061 staminum
516 1021 719 1060 verticillis
746 1021 910 1073 positae,
938 1023 1008 1060 sed
1035 1023 1186 1072 polline
1216 1029 1406 1064 carentes.

316 1078 319 1081 .
386 1099 473 1137 Iluc
502 1097 703 1149 pertinent
730 1098 895 1137 stamina
917 1098 1066 1138 sterilia
1094 1101 1266 1140 anthei-is
1294 1101 1509 1141 minoribus
1537 1115 1618 1142 non

277 1175 512 1228 polliniferis
540 1175 717 1226 praedita
740 1188 761 1214 e
784 1174 1008 1214 Transitum
1036 1175 1209 1215 indicant
1234 1190 1256 1216 a
1291 1178 1419 1217 forma
1446 1179 1616 1230 regulari

275 1255 325 1293 ad
360 1254 558 1292 defectum
600 1252 975 1302 anamorphoticum.
1047 1253 1283 1303 Hujusmodi
1321 1259 1616 1305 parastemones

275 1331 462 1370 habemus
491 1329 532 1368 in
560 1328 750 1377 Gratiola,
779 1328 846 1367 ubi
874 1328 949 1368 tria
975 1330 1141 1368 Stamina
1169 1330 1209 1369 in
1236 1330 1434 1371 filamenta
1465 1333 1614 1372 sterilia

273 1412 422 1454 mutata
448 1411 551 1446 sunt.
607 1406 715 1444 Idem
752 1404 893 1444 accidit
919 1406 961 1444 in
989 1406 1130 1446 Salviis
1158 1408 1300 1457 majori
1333 1409 1432 1448 flore
1459 1411 1615 1460 praedi-

271 1486 321 1525 tis
351 1498 383 1526 e.
412 1498 446 1536 g.
475 1484 516 1523 S.
545 1482 759 1522 rosaefolia
785 1482 853 1521 ubi
881 1496 1037 1534 semper
1065 1485 1143 1523 duo
1180 1485 1346 1524 stamina
1372 1486 1521 1526 sterilia
1546 1488 1613 1527 ad-

269 1566 376 1611 sunt,
418 1566 463 1600 ut
498 1560 616 1611 igitur
651 1560 692 1599 in
718 1559 861 1599 Salviis
897 1561 1064 1600 stamina
1099 1563 1250 1612 maj0ra
1278 1576 1367 1602 cum
1393 1557 1611 1604 minoribus

268 1653 350 1679 non
376 1639 455 1678 sint
483 1641 652 1676 connata
698 1636 797 1687 (cfr.
827 1637 1048 1678 Schauer
1083 1639 1165 1677 und
1192 1639 1239 1678 R.
1267 1639 1472 1680 Browns
1507 1654 1610 1681 ver-

269 1716 480 1756 mischte
507 1715 640 1754 Schr.
669 1713 706 1753 5.
735 1712 861 1763 260.)

372 1794 417 1832 In
452 1791 698 1831 Commelina
733 1790 899 1829 stamina
941 1791 1015 1829 tria
1057 1791 1202 1830 habent
1242 1793 1422 1832 antheras
1465 1792 1608 1833 loculis

264 1869 546 1910 bilocularibus
587 1867 862 1907 loculamentis
898 1867 938 1907 in
973 1868 1140 1908 formam
1177 1869 1305 1908 crucis
1342 1869 1531 1919 sejunctis
1568 1874 1607 1910 et
1646 1865 1659 1868 ⁴*

263 1947 435 1988 directis.

374 2025 418 2063 In
448 2022 621 2074 Lopezia
650 2026 820 2075 quatuor
847 2022 988 2061 adsunt
1006 2021 1158 2088 calycis
1168 2022 1311 2074 phylla‚
1341 2027 1511 2075 quatuor
1537 2038 1606 2076 pe-

261 2101 349 2150 tala,
378 2101 457 2140 duo
487 2099 729 2152 glandulosa,
758 2100 885 2138 forma
901 2112 972 2138 sua
994 2099 1189 2149 testantia,
1219 2112 1303 2139 esse
1334 2114 1424 2139 cum
1452 2101 1603 2141 duobus

261 2178 490 2217 staminibus
519 2181 703 2226 connata,
747 2189 868 2216 unum
897 2180 1048 2216 stamen
1076 2176 1224 2226 fertile,
1253 2177 1419 2217 alterum
1447 2178 1604 2229 opposi-

264 2393 342 2422 gans
373 2379 440 2413 and
468 2378 573 2421 mode
605 2377 642 2410 off
673 2375 893 2410 fecundation
925 2376 966 2409 of
992 2375 1182 2408 Orchideae
1214 2377 1279 2409 and
1306 2375 1542 2420 Asclepiade-‘ie
1570 2378 1602 2410 fr

259 2438 318 2470 the
341 2436 511 2469 Transact.
536 2435 576 2466 of
594 2433 691 2466 Linn.
715 2445 777 2466 scr.
801 2446 835 2476 p.
853 2431 927 2465 ¹739.
973 2431 1115 2474 Semper
1138 2430 1231 2463 citavi
1255 2431 1294 2463 R.
1309 2433 1490 2464 Browns
1512 2444 1599 2465 ver-

258 2491 436 2525 mischte
470 2488 712 2527 Schriften,
752 2487 941 2527 herausgeg.
971 2499 1038 2519 von
1067 2486 1175 2518 Nees
1206 2499 1234 2517 v.
1264 2484 1508 2526 Esenbeck,
1550 2487 1596 2520 ob

257 2546 526 2580 commodiorem
548 2556 665 2583 usum,
700 2544 758 2587 qui
781 2541 937 2576 collectio
971 2550 1017 2575 est
1040 2541 1194 2575 omnium
1217 2540 1374 2574 Auctoris
1398 2553 1540 2586 operum
1564 2549 1596 2574 et

254 2602 506 2647 opusculorum.
