1592 2924
804 124 879 157 vm

165 224 387 276 nocotyleis
431 223 595 264 invenis.
678 222 757 262 Sed
802 224 851 264 de
902 223 1076 263 Pandani
1120 226 1160 262 et
1197 222 1504 262 Xantorrhoeae

168 301 344 341 caulibus
372 300 451 340 alio
477 300 570 339 loco
594 298 732 339 dicam.
1428 301 1431 302 ’

273 422 319 461 In
353 421 480 462 altero
516 422 681 461 leonum
714 420 925 460 Fasciculo
964 419 1084 471 amyli
1121 431 1334 470 granorum
1372 420 1508 459 icones

166 497 268 547 dedi,
305 486 445 551 quibus
473 497 717 550 Raspailii
746 501 784 536 et
810 497 1086 536 Fritzschii
1113 496 1331 535 sententiae
1361 497 1509 536 combi-

166 579 321 614 nantur.
377 575 625 628 Singularem
654 574 773 626 amyli
800 574 1054 613 mutationem
1083 573 1125 612 in
1154 573 1368 612 Orchidum
1397 574 1509 612 tube-

166 651 273 691 ribus
303 653 522 691 accuratius
553 651 834 703 explorandam
863 650 1057 702 relinquo.
1103 651 1210 689 Vasa
1225 649 1386 701 propria
1401 650 1508 689 omni

165 728 415 768 circulationi
442 742 523 768 non
551 733 642 780 apta
670 740 765 777 esse,
794 728 928 767 icones
952 726 1318 766 Schmidtianae
1347 740 1509 766 accura-

166 805 342 844 tissimae
371 809 575 845 testantur.
630 805 738 843 Num
767 805 908 844 ductus
946 803 1145 856 opophori
1178 803 1219 842 in
1246 803 1353 842 Pinis
1383 807 1456 842 etc.
1485 816 1509 842 a

165 882 270 921 vasis
298 882 472 933 propriis
502 882 690 930 differant,
719 894 800 920 non
829 881 944 920 facile
973 880 1158 927 dixerim;
1187 880 1364 919 concedo
1377 879 1509 919 Moh-

163 958 234 999 lio
264 963 304 999 et
326 959 557 1011 Meyeno,
583 972 646 998 me
674 958 846 997 tunicam
873 958 1075 1009 propriam
1090 970 1208 1008 saepe
1233 957 1379 995 frustra
1392 968 1510 1008 quae-

164 1036 315 1076 sivisse.
371 1036 515 1075 Iisdem
551 1048 709 1088 quoque
747 1035 923 1074 concedo
959 1046 1081 1086 poros
1115 1033 1173 1072 sic
1207 1033 1333 1072 dictos
1370 1033 1411 1071 in
1438 1046 1508 1084 pa-

163 1112 328 1152 rietibus
359 1112 500 1152 crassis
538 1112 693 1151 canales
731 1123 838 1160 esse,
894 1111 1051 1151 minime
1086 1123 1182 1151 vero
1217 1110 1258 1148 in
1292 1109 1507 1161 parietibus

164 1189 361 1229 tenuibus.
432 1188 676 1241 Argumenta
723 1187 899 1228 invenies
955 1187 996 1228 in
1050 1187 1177 1228 altero
1220 1187 1383 1226 leonum
1432 1186 1507 1224 Fa-

165 1264 330 1307 sciculo.

271 1389 368 1428 Post
394 1387 560 1440 primam
586 1389 742 1428 Partem
769 1388 909 1426 horum
937 1386 1236 1426 Elementorum
1272 1384 1415 1424 editam
1441 1397 1509 1423 va-

164 1464 224 1504 ria
263 1469 532 1516 apparuerunt
576 1465 723 1516 scripta
762 1463 902 1516 quibus
936 1462 1118 1502 lubenter
1150 1474 1247 1501 usus
1289 1474 1433 1509 essem,
1475 1461 1510 1500 si

163 1545 260 1582 tunc
296 1542 487 1594 temporis
522 1542 755 1581 habuissem.
811 1541 900 1580 Huc
932 1541 1130 1592 pertinent
1155 1528 1333 1578 Mohlii
1368 1538 1510 1576 disser-

163 1618 335 1659 tationes
363 1619 412 1658 de
439 1618 669 1668 lenticellis,
697 1618 746 1657 de
774 1617 925 1668 origine
955 1616 1116 1656 corticis
1144 1615 1304 1664 vetusti,
1341 1615 1390 1653 de
1419 1613 1510 1653 sub-

164 1696 308 1736 stantia
336 1695 621 1735 intercellulari
649 1698 723 1735 etc.
781 1694 1046 1734 Substantiam
1063 1690 1510 1732 hancintercellularem

162 1773 206 1814 in
234 1772 535 1825 Cryptophytis‚
564 1785 665 1824 quae
694 1771 794 1821 dixi,
822 1772 959 1811 adesse
989 1783 1071 1810 non
1099 1770 1253 1819 dubito,
1283 1773 1323 1808 et
1350 1768 1392 1807 in
1418 1781 1511 1807 ana-

163 1854 270 1891 tome
295 1850 490 1901 Algarum
504 1849 538 1889 F
541 1849 796 1889 ucoidearum
822 1850 914 1899 vidi,
941 1848 1012 1889 sed
1042 1860 1125 1887 non
1152 1847 1311 1898 agnovi;
1343 1846 1386 1885 in
1412 1846 1510 1885 Pha-

163 1927 396 1979 nerophytis
431 1940 529 1966 vero
567 1939 648 1966 non
683 1926 928 1977 inveni(cfr.
964 1925 1067 1965 Act.
1100 1924 1251 1966 Acad.
1279 1923 1386 1963 Berl.
1417 1935 1504 1962 ann.

162 2003 282 2046 1833.
308 2018 346 2056 p.
364 2003 490 2053 460.)

270 2124 560 2176 Raspailius
598 2136 698 2176 opus
735 2124 928 2176 integrum
956 2122 1078 2162 edidit
1113 2119 1412 2173 de'plantarum
1441 2132 1510 2159 co-

162 2201 355 2255 gnitione:
409 2200 607 2241 Nouveau
633 2196 806 2253 systeme
835 2201 884 2240 de
910 2198 1157 2253 physiologie
1182 2193 1361 2249 vegetale
1390 2201 1430 2236 et
1457 2197 1506 2236 de

160 2278 388 2331 botanique.
417 2277 528 2318 Paris
545 2275 667 2320 1837.
701 2279 790 2320 T.I.
812 2281 850 2317 et
876 2278 922 2317 ΙΙ.
977 2278 1011 2316 Ε
1040 2275 1193 2328 singula
1221 2274 1507 2321 observatione,

161 2369 184 2396 e
212 2356 369 2395 defectu
395 2354 509 2395 nervi
534 2355 652 2394 medii
680 2355 721 2393 in
748 2354 905 2396 valvula
921 2354 1109 2394 interiore
1127 2352 1356 2393 Graminum
1382 2353 1508 2389 totam

158 2433 243 2473 fere
269 2430 460 2472 theoriam
485 2432 537 2472 de
563 2431 787 2483 plantarum
814 2433 943 2474 forma
975 2430 1182 2471 derivavit.
1239 2429 1323 2468 Cur
1354 2425 1509 2466 Auctor

157 2508 432 2561 sagacissimus
460 2509 510 2548 de
537 2520 618 2548 uno
646 2508 770 2548 hocce
799 2508 1022 2560 Systemate
1059 2509 1269 2547 contentus
1298 2503 1390 2553 fuit,
1435 2515 1507 2542 cur

161 2586 297 2626 decem
342 2585 420 2626 alia
455 2584 649 2637 ejusmodi
676 2584 900 2636 Systemata
933 2597 1019 2625 non
1059 2583 1235 2624 addidit?
1289 2566 1334 2621 ln
1374 2591 1507 2621 rerum
