1592 2924
788 125 844 166 36

135 245 212 285 que
240 231 384 272 usibus
411 233 517 286 pilos
546 232 750 274 inservire.
806 234 887 275 Sed
915 235 1008 287 quid
1032 236 1163 286 juvat,
1204 236 1254 275 de
1281 246 1357 275 usu
1383 237 1485 288 pilo-

136 322 222 347 rum
252 308 374 350 multa
402 310 610 360 disserere,
640 323 729 350 cum
746 322 860 350 usum
877 315 935 352 tot
949 311 1120 363 partium
1139 312 1179 351 in
1197 311 1351 363 plantis,
1379 312 1487 364 glan-

137 385 338 435 (unarum,
375 399 650 436 verrucarum,
687 386 920 438 strigarum,
956 388 1246 428 denticulorum
1275 393 1347 428 etc.
1377 389 1487 440 igno-

139 475 281 502 ramus.
339 463 515 502 Praestat
533 459 583 502 de'
598 463 797 515 principio
821 464 1069 504 formationis
1096 465 1269 517 pilorum
1297 453 1487 518 quaedam

137 539 293 579 addere.
352 539 471 591 Quod
510 543 619 579 certe
654 539 695 578 in
721 540 946 591 plantarum
979 546 1018 581 et
1044 542 1216 594 partium
1243 543 1487 582 incremento
1547 566 1552 574 κ

137 615 337 667 impedito,
367 620 407 655 et
434 622 479 655 ut
504 616 557 656 ita
585 617 712 655 dicam
736 617 927 656 aliorsum
954 621 993 656 et
1020 624 1245 658 extrorsum
1272 632 1390 659 verso
1416 631 1488 670 po-

138 692 256 730 situm
297 696 366 731 est.
429 692 591 732 Plantae
627 693 732 732 enim
754 694 956 744 Juniores,
1000 694 1153 746 alpinae
1192 700 1232 735 et
1265 700 1487 745 montanae,

138 772 278 820 utpote
306 769 433 808 ventis
463 769 684 821 expositae,
720 769 821 809 locis
849 770 965 811 siccis
995 776 1237 821 crescentes,
1265 772 1487 822 morbosae,

140 857 215 884 nec
242 857 323 884 non
352 845 497 897 gallae,
539 846 580 885 in
618 846 759 899 quibus
797 847 935 887 insecti
971 852 1168 900 punctura
1203 848 1486 889 incrementum

140 922 351 962 excitatum
393 935 468 962 nec
512 924 733 975 perfectum
774 929 853 974 est,
900 924 990 977 pilis
1034 925 1267 976 praesertim
1307 926 1487 976 gaudent.

138 998 299 1039 Plantae
335 1000 544 1039 hortenses
574 1013 595 1038 e
625 1002 848 1050 contrario,
886 1001 1062 1042 uberiori
1089 1002 1277 1042 alimento
1305 1002 1487 1051 nutritae,

139 1076 343 1128 magisque
371 1075 599 1126 explicatae,
624 1076 727 1126 pilos
757 1082 917 1117 exuunt.

145 1185 253 1233 127.
319 1182 446 1232 Pili
480 1187 711 1233 interni
740 1187 792 1232 in
821 1183 1012 1234 lacunis
1032 1185 1313 1250 plantarum
1337 1204 1488 1254 aqua-

334 1274 541 1320 ticarum
577 1272 820 1323 interdum
855 1279 1131 1322 occurrunt.

251 1374 296 1411 In
323 1371 477 1411 lacunis
505 1371 790 1424 Aquaticarum
826 1377 865 1412 ct
893 1373 1052 1425 quidem
1079 1374 1399 1426 Nymphaearum
1426 1387 1490 1415 or-

142 1462 243 1502 gana
284 1448 634 1501 deprehenduntur
678 1449 852 1500 pilorum
887 1453 1098 1492 structura.
1166 1450 1278 1490 Basis
1316 1451 1489 1502 ipsorum

142 1526 357 1580 parietibus
387 1525 619 1565 cellularum
648 1526 831 1578 imposita
859 1531 920 1566 est
948 1540 998 1566 ex
1025 1541 1105 1567 una
1136 1531 1319 1568 constans
1347 1527 1492 1567 cellula

144 1617 285 1655 magna
320 1617 342 1642 e
380 1615 459 1654 qua
495 1602 567 1654 pili
594 1603 723 1642 conici
753 1607 901 1643 exeunt
928 1604 1198 1655 divergenteS‚
1233 1604 1487 1655 rigidiusculi,

145 1680 267 1731 septis
295 1679 530 1718 transversis
559 1692 641 1719 non
669 1679 860 1729 distincti,
887 1680 1132 1732 longitudine
1159 1693 1277 1732 saepe
1305 1681 1489 1735 inaequa-

143 1757 204 1796 les
233 1761 272 1796 et
300 1756 570 1796 scabriusculi.

255 1835 355 1873 Cum
382 1833 548 1874 lacunae
577 1835 668 1872 aere
698 1847 772 1874 nec
802 1847 924 1874 succo
960 1834 1133 1886 repletae
1163 1834 1260 1884 sint,
1309 1848 1397 1874 cum
1427 1848 1491 1874 su-

146 1911 328 1962 perficies
358 1914 521 1950 externa
547 1911 686 1951 harum
714 1912 937 1962 plantarum
964 1924 1040 1963 pro
1055 1911 1225 1950 maxima
1250 1916 1362 1963 parte
1390 1912 1492 1951 intra

147 2002 288 2042 aquam
316 1989 497 2028 demersa
525 1985 585 2038 sit,
615 1988 843 2039 superficies
861 1989 1014 2029 interna
1043 1992 1206 2028 externa
1234 1989 1337 2028 facta
1365 1993 1426 2028 est
1453 1992 1491 2028 et

117 2111 125 2120 ,
147 2065 232 2105 vice
259 2078 387 2107 versa.

256 2143 291 2182 K
302 2156 323 2182 e
331 2142 345 2182 i
353 2147 369 2182 t
377 2143 402 2182 h
411 2143 424 2182 i
432 2155 459 2181 u
467 2155 486 2181 s
523 2142 591 2194 qui
626 2143 724 2182 haec
760 2155 906 2194 organa
944 2142 1102 2181 nomine
1129 2140 1407 2193 pubescentiae
1435 2141 1492 2180 in-

147 2224 283 2259 ternae
304 2220 491 2259 describit
518 2219 575 2271 (A
592 2221 790 2272 System
818 2221 871 2259 of
892 2217 1269 2272 physiologica]
1297 2218 1491 2268 Botany

148 2297 272 2335 Lond.
305 2295 424 2337 1816.
450 2298 499 2350 Τ.
529 2295 565 2338 1.
591 2311 630 2349 p.
652 2296 769 2346 372.)
802 2297 834 2336 L
844 2310 866 2336 e
878 2310 934 2336 eu
944 2309 1011 2335 we
1021 2309 1047 2335 n
1057 2296 1082 2335 h
1091 2308 1116 2335 o
1126 2309 1147 2334 e
1157 2295 1184 2335 k
1193 2295 1287 2334 ium
1321 2294 1490 2346 primum

148 2373 315 2422 videsse,
332 2374 424 2413 dein
439 2375 473 2412 Τ
483 2387 508 2413 o
517 2388 543 2413 u
551 2387 572 2413 r
579 2387 605 2414 11
615 2387 636 2414 e
647 2375 666 2413 f
672 2387 696 2413 o
705 2387 725 2413 r
733 2374 768 2414 ti
777 2387 804 2414 u
812 2387 852 2414 m
878 2373 1018 2414 melius
1037 2371 1287 2424 descripsisse
1303 2370 1490 2411 adfirmat.

147 2450 342 2503 Equidem
368 2451 408 2489 in
427 2451 596 2502 scriptis
623 2452 765 2490 horum
780 2451 957 2491 virorum
971 2451 1115 2490 frustra
1137 2448 1324 2502 quaesivi.
1354 2448 1391 2486 Y
1396 2461 1423 2499 p
1432 2460 1454 2487 e
1463 2461 1490 2499 y

145 2527 461 2577 (Verhandel.
498 2541 534 2567 v.
566 2528 601 2567 d.
632 2528 792 2567 Maats
804 2528 994 2579 chappy
1029 2531 1075 2566 te
1103 2525 1333 2566 Haerlem
1361 2526 1406 2564 T.
1424 2523 1488 2564 11.

148 2617 186 2655 p.
200 2603 315 2654 363.)
343 2605 492 2657 primus
521 2608 704 2644 accurate
733 2603 957 2656 descripsit,
995 2604 1112 2645 villos
1141 2602 1298 2644 vocavit
1327 2606 1366 2642 et
1399 2608 1488 2640 cum
