1682 2938
915 137 971 178 84

274 246 474 298 probatur.
529 246 625 286 ‘Pars
649 247 754 287 enim
781 248 927 287 haecce
955 249 1130 288 exterior
1156 249 1339 300 pedicelli
1354 249 1430 290 seu*
1439 257 1613 304 recepta-

276 322 374 373 culi,
419 335 536 376 qnam
562 322 881 375 hypanthium
916 326 1076 376 vocavi,
1123 326 1355 377 expanditur
1391 328 1548 380 quidem
1575 334 1613 369 et

275 399 481 440 cavitatem
507 399 706 452 relinquit,
733 401 775 440 in
790 415 869 454 quo
886 403 1065 443 ovarium
1082 402 1316 452 continetur,
1344 403 1416 442 sed
1443 416 1613 456 superne

274 489 356 516 non
384 476 592 518 clauditur.
647 478 767 530 Quod
793 478 834 517 in
861 479 969 518 Rosa
997 479 1144 530 optime
1171 479 1306 519 videre
1334 480 1437 530 licet,
1465 481 1506 519 in
1534 494 1613 533 quo

271 553 526 605 hypanthium
553 567 578 593 a
602 554 744 607 calyce
772 555 956 607 imposito
974 556 1088 596 valde
1114 556 1251 596 differt.
1307 558 1384 596 Per
1409 558 1615 610 hypanthii

272 631 438 681 hujusce
463 630 612 670 variam
638 632 946 683 magnitudinem
980 636 1019 671 et
1047 632 1268 673 clausuram
1295 635 1369 673 flos
1397 634 1547 673 inferus
1575 638 1614 673 et

271 707 455 748 uninodis
483 707 533 746 ad
561 720 749 759 superum
777 712 818 749 et
841 708 1026 749 binodem
1055 710 1209 749 transit.

378 868 600 909 Pedicellus
631 869 807 920 partibus
848 869 957 909 floris
999 869 1262 910 exterioribus
1296 870 1447 910 emissis
1490 873 1614 912 conti-

270 950 416 986 nuatur
444 946 486 985 in
514 945 765 985 columellam
792 946 943 985 fructus
971 950 1010 985 et
1036 947 1199 998 stylum,
1226 951 1464 986 structuram
1491 947 1611 988 inter-

270 1036 360 1062 nam
387 1034 560 1071 servans,
587 1022 761 1061 medulla
788 1022 829 1061 in
855 1023 998 1072 medio,
1026 1023 1225 1063 fasciculis
1254 1024 1416 1075 lignosis
1446 1024 1611 1064 circum-

270 1099 422 1151 positis.
477 1099 523 1139 In
549 1097 712 1137 floribus
739 1098 893 1149 superis
920 1098 962 1137 hi
989 1099 1168 1139 fasciculi
1195 1101 1244 1139 ad
1272 1100 1373 1139 latus
1399 1101 1611 1141 flectuntur

268 1179 314 1215 ut
342 1174 550 1215 cavitatem
584 1173 826 1227 relinquant,
872 1178 956 1214 tum
988 1188 1085 1215 vero
1120 1188 1260 1216 rursus
1297 1178 1536 1217 conveniunt
1571 1182 1610 1218 et

268 1252 417 1304 stylum
451 1252 634 1291 formant.
697 1252 743 1291 In
778 1251 891 1303 apice
926 1251 1111 1304 pedicelli
1139 1251 1317 1292 fasciculi
1341 1265 1527 1293 vasorum
1554 1255 1610 1294 in-

269 1329 425 1369 terdum
453 1328 661 1380 divergunt
688 1332 727 1368 et
754 1329 906 1368 fructus
934 1328 1276 1380 multicapsulares
1304 1328 1458 1380 sistunt,
1484 1331 1544 1387 uti
1570 1331 1610 1370 in

269 1405 584 1445 Ranunculaceis
613 1409 685 1444 etc.
741 1405 919 1446 Adnatae
954 1409 1045 1445 sunt
1081 1405 1315 1445 columellae
1343 1406 1480 1446 valvae
1507 1408 1611 1459 peri-

272 1482 406 1534 carpii,
434 1481 616 1521 ultimum
634 1482 805 1533 partium
819 1482 1075 1523 foliacearum
1102 1483 1343 1522 verticillum
1370 1483 1608 1524 exhibentes.

378 1631 687 1682 Receptaculum
714 1631 881 1684 simplex
910 1636 970 1671 est
1004 1632 1046 1671 in
1080 1632 1244 1683 singulis
1272 1632 1453 1681 floribus,
1490 1634 1610 1673 coali-

269 1711 354 1748 tum
379 1707 421 1747 in
449 1708 654 1748 anthodiis.
708 1709 802 1747 Hoc
830 1708 1085 1748 clinanthium
1114 1709 1213 1748 dixit
1239 1709 1496 1749 Cassinius
1531 1723 1610 1750 me-

267 1785 346 1824 lius
375 1784 658 1825 anthoclinium
684 1789 859 1826 vocatur.
917 1786 1081 1825 Constat
1102 1786 1396 1837 receptaculum
1423 1786 1609 1826 coalitum

270 1875 293 1901 e
320 1861 509 1912 medulla,
551 1875 624 1914 per
659 1876 775 1914 quam
809 1862 988 1902 fasciculi
1021 1874 1206 1902 vasorum
1239 1875 1310 1901 seu
1336 1862 1482 1914 lignosi
1506 1877 1608 1916 vago

270 1938 424 1978 tramite
457 1943 713 1989 percurrunt,
753 1952 835 1979 non
872 1939 1058 1979 dissimile
1093 1952 1229 1979 cormo
1263 1939 1305 1978 in
1346 1940 1493 1989 bulbis,
1537 1954 1610 1992 per

269 2027 387 2067 quem
422 2015 540 2054 simili
574 2017 694 2056 modo
729 2016 907 2056 fasciculi
942 2029 1128 2056 vasorum
1155 2020 1367 2055 transeunt.
1425 2017 1491 2056 Uti
1520 2031 1608 2057 cor-

270 2104 356 2130 mus
412 2091 522 2133 bulbi
563 2106 754 2144 gemmas,
811 2093 867 2134 sic
922 2093 1213 2145 receptaculum
1256 2093 1441 2132 coalitum
1488 2094 1606 2134 fiores

271 2167 380 2218 gerit.
