1592 2924
554 795 1189 854 Praefatio

195 1082 393 1152 Alteram
419 1109 716 1149 Elementorum
741 1111 1018 1163 Philosophiae
1043 1112 1247 1152 botanicae
1274 1113 1430 1152 Partem
1457 1113 1536 1152 Bo-

198 1195 337 1236 tanicis
366 1193 480 1233 trado
508 1192 550 1231 in
578 1205 656 1245 qua
681 1193 914 1244 praesertim
942 1194 991 1232 de
1018 1195 1134 1243 flore,
1162 1195 1295 1234 fructu
1323 1198 1363 1234 et
1389 1195 1537 1234 semine

197 1285 329 1314 sermo
358 1274 429 1311 est.
486 1269 628 1319 omisi,
661 1283 762 1322 quae
789 1271 830 1310 in
856 1271 1037 1310 Editione
1071 1271 1207 1323 priore
1243 1273 1292 1311 de
1319 1272 1539 1323 Systemate

198 1351 439 1404 plantarum,
481 1347 530 1386 de
567 1346 818 1399 Geographia
851 1348 1076 1399 plantarum
1120 1352 1160 1387 et
1201 1350 1250 1388 de
1282 1349 1540 1400 Phytotropia

203 1429 308 1468 dicta
337 1427 466 1473 erant,
505 1423 561 1463 nil
590 1423 693 1463 enim
720 1425 923 1476 proficies,
951 1425 1027 1464 nisi
1053 1429 1120 1464 aut
1147 1429 1318 1476 systema
1344 1426 1539 1476 integrum

199 1508 268 1545 aut
287 1501 578 1554 Geographiam
599 1501 820 1552 plantarum
848 1502 899 1541 ad
926 1502 1098 1553 singulas
1126 1502 1279 1554 species
1307 1502 1542 1554 applicatam

201 1585 269 1622 aut
308 1578 528 1620 doctrinam
569 1578 618 1617 de
663 1579 819 1618 cultura
860 1579 1100 1630 singularum
1138 1579 1360 1630 specierum
1397 1571 1546 1619 offerre

200 1658 343 1712 possis.
399 1655 540 1695 Brevis
567 1668 725 1708 quoque
754 1655 831 1706 fui,
877 1655 918 1694 in
944 1656 1004 1695 his
1033 1670 1133 1708 quae
1168 1657 1216 1696 de
1246 1656 1441 1709 Qualitate
1468 1669 1544 1695 nec

202 1749 286 1777 non
322 1734 371 1773 de
402 1732 665 1784 vegetatione
700 1733 805 1772 diota
839 1737 949 1780 sunt3
1004 1747 1143 1785 parum
1179 1734 1282 1772 enim
1315 1733 1358 1772 in¹
1384 1733 1545 1772 Chemia

202 1810 494 1864 vegetabilium
520 1810 803 1861 praestiterunt
836 1810 912 1850 viri
950 1810 1057 1850 docti
1091 1811 1147 1850 ita
1179 1814 1224 1850 ut
1251 1811 1293 1850 in
1319 1810 1545 1862 hypothesi-

204 1890 278 1930 bus
312 1891 397 1928 tota
429 1888 514 1927 fere
548 1887 713 1927 scientia
747 1888 796 1927 de
831 1887 1030 1940 Qualitate
1068 1888 1199 1939 posita
1233 1888 1293 1927 sit.
1350 1890 1461 1939 Quae
1496 1887 1545 1926 de

205 1965 466 2018 Vegetatione
496 1964 661 2004 dicenda
689 1969 817 2014 erant,
846 1965 888 2004 in
916 1964 1165 2016 Geographia
1190 1965 1411 2016 plantarum
1440 1967 1478 2003 et
1505 1964 1547 2003 in

208 2057 255 2085 ea
299 2047 413 2095 parte
454 2041 678 2092 Botanices,
734 2054 850 2094 quam
897 2041 1244 2092 Phytotechnicam
1286 2041 1367 2081 dixi
1414 2041 1547 2080 locum

206 2119 362 2160 habent.

315 2195 463 2245 Multa,
492 2209 592 2249 quae
619 2196 661 2235 in
686 2196 760 2234 hac
787 2196 903 2235 Parte
929 2195 1133 2247 proposui,
1160 2194 1421 2234 illustratione
1450 2193 1549 2232 indi-

208 2277 313 2326 gent,
340 2286 457 2325 quam
485 2285 643 2325 quoque
670 2273 711 2311 in
738 2272 946 2329 Fasciculo
974 2273 1092 2312 tertio
1118 2273 1282 2311 Iconum
1310 2270 1550 2310 anatomico-

207 2350 481 2391 botanicarum
508 2350 600 2389 dedi
626 2350 802 2388 nondum
830 2332 953 2399 edito,
993 2349 1064 2388 sed
1090 2362 1185 2388 mox
1214 2348 1378 2388 edendo.
1434 2345 1550 2385 Alter

211 2427 316 2468 enim
343 2427 575 2466 Fasciculus
602 2439 709 2466 nunc
737 2427 862 2466 editus
889 2427 939 2466 ad
966 2426 1238 2466 illustrandam
1263 2424 1429 2476 primam
1455 2423 1550 2462 Par-

211 2507 292 2544 tem
312 2503 608 2544 Elementorum
634 2503 880 2544 necessarius
909 2507 1002 2542 erat.
1058 2504 1219 2542 Praeter
1244 2501 1386 2540 leones
1414 2500 1455 2538 in
1482 2499 1552 2538 tri-

212 2579 286 2620 bus
322 2580 430 2621 hisee
457 2580 677 2621 Fasciculis
713 2579 835 2632 lapidi
870 2580 1097 2633 impressas,
1144 2578 1290 2619 multae
1325 2577 1419 2618 mihi
1460 2578 1552 2615 sunt
1584 2562 1586 2568 Δ
