<?xml version="1.0" encoding="UTF-8"?>
<!DOCTYPE html PUBLIC "-//W3C//DTD XHTML 1.0 Transitional//EN"
    "http://www.w3.org/TR/xhtml1/DTD/xhtml1-transitional.dtd">
<html xmlns="http://www.w3.org/1999/xhtml" xml:lang="en" lang="en">
 <head>
  <title>
</title>
<meta http-equiv="Content-Type" content="text/html;charset=utf-8" />
  <meta name='ocr-system' content='tesseract 3.04.00' />
  <meta name='ocr-capabilities' content='ocr_page ocr_carea ocr_par ocr_line ocrx_word'/>
</head>
<body>
  <div class='ocr_page' id='page_1' title='image "./elementaphilosop02linkuoft_0290.png"; bbox 0 0 1682 2938; ppageno 0'>
   <div class='ocr_carea' id='block_1_1' title="bbox 896 134 978 176">
    <p class='ocr_par' dir='ltr' id='par_1_1' title="bbox 896 134 978 176">
     <span class='ocr_line' id='line_1_1' title="bbox 896 134 978 176; baseline 0.012 -1"><span class='ocrx_word' id='word_1_1' title='bbox 896 134 978 176; x_wconf 82' lang='lat'>268</span> 
     </span>
    </p>
   </div>
   <div class='ocr_carea' id='block_1_2' title="bbox 276 245 1615 1292">
    <p class='ocr_par' dir='ltr' id='par_1_2' title="bbox 276 245 1615 1292">
     <span class='ocr_line' id='line_1_2' title="bbox 276 245 1606 297; baseline 0 -11"><span class='ocrx_word' id='word_1_2' title='bbox 276 246 498 297; x_wconf 88' lang='lat' dir='ltr'>carpiorum</span> <span class='ocrx_word' id='word_1_3' title='bbox 534 245 626 283; x_wconf 89' lang='lat' dir='ltr'>dum</span> <span class='ocrx_word' id='word_1_4' title='bbox 667 247 945 285; x_wconf 88' lang='lat' dir='ltr'>maturescunt.</span> <span class='ocrx_word' id='word_1_5' title='bbox 1018 246 1147 285; x_wconf 89' lang='lat' dir='ltr'>Prima</span> <span class='ocrx_word' id='word_1_6' title='bbox 1190 250 1250 285; x_wconf 91' lang='lat' dir='ltr'>est</span> <span class='ocrx_word' id='word_1_7' title='bbox 1291 245 1606 286; x_wconf 86' lang='lat' dir='ltr'>oblitteratio</span> 
     </span>
     <span class='ocr_line' id='line_1_3' title="bbox 276 322 1607 375; baseline -0.001 -13"><span class='ocrx_word' id='word_1_8' title='bbox 276 322 725 362; x_wconf 87' lang='lat' dir='ltr'>loculamentorum</span> <span class='ocrx_word' id='word_1_9' title='bbox 762 325 807 361; x_wconf 83' lang='lat' dir='ltr'>et</span> <span class='ocrx_word' id='word_1_10' title='bbox 843 323 1096 371; x_wconf 90' lang='lat' dir='ltr'>seminum,</span> <span class='ocrx_word' id='word_1_11' title='bbox 1153 335 1251 375; x_wconf 92' lang='lat' dir='ltr'>quae</span> <span class='ocrx_word' id='word_1_12' title='bbox 1287 327 1347 362; x_wconf 90' lang='lat' dir='ltr'>sat</span> <span class='ocrx_word' id='word_1_13' title='bbox 1382 323 1607 375; x_wconf 87' lang='lat' dir='ltr'>frequenter</span> 
     </span>
     <span class='ocr_line' id='line_1_4' title="bbox 277 397 1606 449; baseline -0.001 -11"><span class='ocrx_word' id='word_1_14' title='bbox 277 398 429 447; x_wconf 89' lang='lat' dir='ltr'>accidit,</span> <span class='ocrx_word' id='word_1_15' title='bbox 456 397 686 449; x_wconf 89' lang='lat' dir='ltr'>praesertim</span> <span class='ocrx_word' id='word_1_16' title='bbox 715 398 754 436; x_wconf 93' lang='lat' dir='ltr'>in</span> <span class='ocrx_word' id='word_1_17' title='bbox 783 398 917 449; x_wconf 93' lang='lat' dir='ltr'>drupis</span> <span class='ocrx_word' id='word_1_18' title='bbox 946 404 984 438; x_wconf 89' lang='lat' dir='ltr'>et</span> <span class='ocrx_word' id='word_1_19' title='bbox 1011 399 1150 448; x_wconf 82' lang='lat' dir='ltr'>baccis,</span> <span class='ocrx_word' id='word_1_20' title='bbox 1176 399 1216 437; x_wconf 92' lang='lat' dir='ltr'>in</span> <span class='ocrx_word' id='word_1_21' title='bbox 1243 400 1388 447; x_wconf 77' lang='lat' dir='ltr'>pruno,</span> <span class='ocrx_word' id='word_1_22' title='bbox 1418 400 1606 447; x_wconf 90' lang='lat' dir='ltr'>Viburno,</span> 
     </span>
     <span class='ocr_line' id='line_1_5' title="bbox 279 473 1606 528; baseline 0 -13"><span class='ocrx_word' id='word_1_23' title='bbox 279 474 431 515; x_wconf 87' lang='lat' dir='ltr'>Oleinis</span> <span class='ocrx_word' id='word_1_24' title='bbox 459 473 576 513; x_wconf 88' lang='lat' dir='ltr'>variis</span> <span class='ocrx_word' id='word_1_25' title='bbox 606 478 680 514; x_wconf 89' lang='lat' dir='ltr'>etc.</span> <span class='ocrx_word' id='word_1_26' title='bbox 710 478 791 514; x_wconf 88' lang='lat' dir='ltr'>tum</span> <span class='ocrx_word' id='word_1_27' title='bbox 820 489 977 528; x_wconf 89' lang='lat' dir='ltr'>quoque</span> <span class='ocrx_word' id='word_1_28' title='bbox 1007 476 1046 515; x_wconf 92' lang='lat' dir='ltr'>in</span> <span class='ocrx_word' id='word_1_29' title='bbox 1075 475 1178 524; x_wconf 90' lang='lat' dir='ltr'>aliis,</span> <span class='ocrx_word' id='word_1_30' title='bbox 1208 475 1481 514; x_wconf 90' lang='lat' dir='ltr'>Valerianellis</span> <span class='ocrx_word' id='word_1_31' title='bbox 1510 489 1543 515; x_wconf 90' lang='lat' dir='ltr'>e.</span> <span class='ocrx_word' id='word_1_32' title='bbox 1572 489 1606 527; x_wconf 89' lang='lat' dir='ltr'>g.</span> 
     </span>
     <span class='ocr_line' id='line_1_6' title="bbox 277 550 1610 604; baseline 0 -13"><span class='ocrx_word' id='word_1_33' title='bbox 277 553 382 591; x_wconf 89' lang='lat' dir='ltr'>Dum</span> <span class='ocrx_word' id='word_1_34' title='bbox 415 550 721 591; x_wconf 82' lang='lat' dir='ltr'>loculamentum</span> <span class='ocrx_word' id='word_1_35' title='bbox 756 552 977 603; x_wconf 88' lang='lat' dir='ltr'>appositum</span> <span class='ocrx_word' id='word_1_36' title='bbox 1013 556 1194 604; x_wconf 85' lang='lat' dir='ltr'>augetur,</span> <span class='ocrx_word' id='word_1_37' title='bbox 1237 564 1474 592; x_wconf 85' lang='lat' dir='ltr'>evanescens</span> <span class='ocrx_word' id='word_1_38' title='bbox 1503 565 1610 592; x_wconf 85' lang='lat' dir='ltr'>com-</span> 
     </span>
     <span class='ocr_line' id='line_1_7' title="bbox 276 627 1609 681; baseline 0 -13"><span class='ocrx_word' id='word_1_39' title='bbox 276 628 457 681; x_wconf 87' lang='lat' dir='ltr'>primitur</span> <span class='ocrx_word' id='word_1_40' title='bbox 492 632 532 667; x_wconf 88' lang='lat' dir='ltr'>et</span> <span class='ocrx_word' id='word_1_41' title='bbox 559 627 600 666; x_wconf 92' lang='lat' dir='ltr'>in</span> <span class='ocrx_word' id='word_1_42' title='bbox 636 628 898 668; x_wconf 85' lang='lat' dir='ltr'>membranam</span> <span class='ocrx_word' id='word_1_43' title='bbox 934 634 1120 677; x_wconf 87' lang='lat' dir='ltr'>mutatur,</span> <span class='ocrx_word' id='word_1_44' title='bbox 1162 629 1232 667; x_wconf 89' lang='lat' dir='ltr'>sed</span> <span class='ocrx_word' id='word_1_45' title='bbox 1264 642 1346 668; x_wconf 92' lang='lat' dir='ltr'>non</span> <span class='ocrx_word' id='word_1_46' title='bbox 1374 629 1609 668; x_wconf 82' lang='lat' dir='ltr'>resorbetur.</span> 
     </span>
     <span class='ocr_line' id='line_1_8' title="bbox 278 704 1610 765; baseline -0.001 -20"><span class='ocrx_word' id='word_1_47' title='bbox 278 705 495 757; x_wconf 83' lang='lat' dir='ltr'>Singularis</span> <span class='ocrx_word' id='word_1_48' title='bbox 524 704 786 743; x_wconf 83' lang='lat' dir='ltr'>conformatio</span> <span class='ocrx_word' id='word_1_49' title='bbox 815 705 965 745; x_wconf 78' lang='lat' dir='ltr'>fructus</span> <span class='ocrx_word' id='word_1_50' title='bbox 993 705 1095 744; x_wconf 91' lang='lat' dir='ltr'>Linii</span> <span class='ocrx_word' id='word_1_51' title='bbox 1122 704 1168 743; x_wconf 86' lang='lat' dir='ltr'>ab</span> <span class='ocrx_word' id='word_1_52' title='bbox 1198 718 1246 744; x_wconf 94' lang='lat' dir='ltr'>eo</span> <span class='ocrx_word' id='word_1_53' title='bbox 1274 705 1474 756; x_wconf 81' lang='lat' dir='ltr'>dependit,</span> <span class='ocrx_word' id='word_1_54' title='bbox 1503 706 1610 765; x_wconf 84' lang='lat' dir='ltr'>quod</span> 
     </span>
     <span class='ocr_line' id='line_1_9' title="bbox 279 780 1607 834; baseline -0.002 -12"><span class='ocrx_word' id='word_1_55' title='bbox 279 783 416 822; x_wconf 89' lang='lat' dir='ltr'>decem</span> <span class='ocrx_word' id='word_1_56' title='bbox 441 780 708 821; x_wconf 89' lang='lat' dir='ltr'>loculamenta</span> <span class='ocrx_word' id='word_1_57' title='bbox 741 794 879 820; x_wconf 89' lang='lat' dir='ltr'>versus</span> <span class='ocrx_word' id='word_1_58' title='bbox 907 780 1168 834; x_wconf 88' lang='lat' dir='ltr'>peripheriam</span> <span class='ocrx_word' id='word_1_59' title='bbox 1205 781 1334 832; x_wconf 91' lang='lat' dir='ltr'>posita</span> <span class='ocrx_word' id='word_1_60' title='bbox 1363 786 1607 822; x_wconf 81' lang='lat' dir='ltr'>evanescant.</span> 
     </span>
     <span class='ocr_line' id='line_1_10' title="bbox 281 857 1609 910; baseline -0.002 -12"><span class='ocrx_word' id='word_1_61' title='bbox 281 883 332 891; x_wconf 89' lang='lat'>—</span> <span class='ocrx_word' id='word_1_62' title='bbox 367 860 475 898; x_wconf 82' lang='lat' dir='ltr'>Inter</span> <span class='ocrx_word' id='word_1_63' title='bbox 509 858 608 896; x_wconf 87' lang='lat' dir='ltr'>hanc</span> <span class='ocrx_word' id='word_1_64' title='bbox 642 857 899 896; x_wconf 78' lang='lat' dir='ltr'>mutationem</span> <span class='ocrx_word' id='word_1_65' title='bbox 940 862 979 896; x_wconf 89' lang='lat' dir='ltr'>et</span> <span class='ocrx_word' id='word_1_66' title='bbox 1016 861 1244 910; x_wconf 82' lang='lat' dir='ltr'>sequentem</span> <span class='ocrx_word' id='word_1_67' title='bbox 1278 858 1506 898; x_wconf 85' lang='lat' dir='ltr'>intermedia</span> <span class='ocrx_word' id='word_1_68' title='bbox 1541 863 1609 906; x_wconf 86' lang='lat' dir='ltr'>est,</span> 
     </span>
     <span class='ocr_line' id='line_1_11' title="bbox 281 933 1608 988; baseline -0.002 -13"><span class='ocrx_word' id='word_1_69' title='bbox 281 950 397 988; x_wconf 89' lang='lat' dir='ltr'>quam</span> <span class='ocrx_word' id='word_1_70' title='bbox 422 936 461 974; x_wconf 93' lang='lat' dir='ltr'>in</span> <span class='ocrx_word' id='word_1_71' title='bbox 491 934 644 973; x_wconf 91' lang='lat' dir='ltr'>Diario:</span> <span class='ocrx_word' id='word_1_72' title='bbox 675 933 1072 985; x_wconf 88' lang='lat' dir='ltr'>Gartenzeitung</span> <span class='ocrx_word' id='word_1_73' title='bbox 1098 947 1135 973; x_wconf 88' lang='lat' dir='ltr'>v.</span> <span class='ocrx_word' id='word_1_74' title='bbox 1166 935 1284 973; x_wconf 88' lang='lat' dir='ltr'>Otto</span> <span class='ocrx_word' id='word_1_75' title='bbox 1311 947 1349 973; x_wconf 91' lang='lat' dir='ltr'>u.</span> <span class='ocrx_word' id='word_1_76' title='bbox 1371 934 1608 974; x_wconf 90' lang='lat' dir='ltr'>Dietrich.</span> 
     </span>
     <span class='ocr_line' id='line_1_12' title="bbox 284 1010 1612 1063; baseline -0.003 -10"><span class='ocrx_word' id='word_1_77' title='bbox 284 1012 401 1053; x_wconf 84' lang='lat'>1834.</span> <span class='ocrx_word' id='word_1_78' title='bbox 415 1027 452 1063; x_wconf 91' lang='lat' dir='ltr'>p.</span> <span class='ocrx_word' id='word_1_79' title='bbox 464 1011 554 1051; x_wconf 84' lang='lat'>153.</span> <span class='ocrx_word' id='word_1_80' title='bbox 569 1014 594 1049; x_wconf 86' lang='lat' dir='ltr'>t.</span> <span class='ocrx_word' id='word_1_81' title='bbox 605 1010 697 1049; x_wconf 89' lang='grc' dir='ltr'><strong>6.Β.</strong></span> <span class='ocrx_word' id='word_1_82' title='bbox 708 1010 1001 1049; x_wconf 84' lang='lat' dir='ltr'>Ghamaedorea</span> <span class='ocrx_word' id='word_1_83' title='bbox 1015 1010 1217 1062; x_wconf 87' lang='lat' dir='ltr'>descripsi.</span> <span class='ocrx_word' id='word_1_84' title='bbox 1244 1010 1360 1049; x_wconf 90' lang='lat' dir='ltr'>Initio</span> <span class='ocrx_word' id='word_1_85' title='bbox 1374 1023 1533 1062; x_wconf 85' lang='lat' dir='ltr'>germen</span> <span class='ocrx_word' id='word_1_86' title='bbox 1546 1011 1612 1049; x_wconf 90' lang='lat' dir='ltr'>tri-</span> 
     </span>
     <span class='ocr_line' id='line_1_13' title="bbox 282 1086 1613 1138; baseline -0.002 -10"><span class='ocrx_word' id='word_1_87' title='bbox 282 1089 458 1128; x_wconf 86' lang='lat' dir='ltr'>loculare</span> <span class='ocrx_word' id='word_1_88' title='bbox 486 1088 610 1135; x_wconf 84' lang='lat' dir='ltr'>adest,</span> <span class='ocrx_word' id='word_1_89' title='bbox 640 1093 724 1126; x_wconf 90' lang='lat' dir='ltr'>tum</span> <span class='ocrx_word' id='word_1_90' title='bbox 752 1087 853 1126; x_wconf 87' lang='lat' dir='ltr'>intra</span> <span class='ocrx_word' id='word_1_91' title='bbox 880 1099 1040 1138; x_wconf 85' lang='lat' dir='ltr'>germen</span> <span class='ocrx_word' id='word_1_92' title='bbox 1067 1087 1191 1125; x_wconf 88' lang='lat' dir='ltr'>hocce</span> <span class='ocrx_word' id='word_1_93' title='bbox 1220 1086 1326 1125; x_wconf 90' lang='lat' dir='ltr'>aliud</span> <span class='ocrx_word' id='word_1_94' title='bbox 1351 1086 1613 1137; x_wconf 90' lang='lat' dir='ltr'>pericarpium</span> 
     </span>
     <span class='ocr_line' id='line_1_14' title="bbox 283 1162 1615 1216; baseline -0.003 -11"><span class='ocrx_word' id='word_1_95' title='bbox 283 1166 418 1215; x_wconf 84' lang='lat' dir='ltr'>oritur,</span> <span class='ocrx_word' id='word_1_96' title='bbox 454 1177 787 1216; x_wconf 88' lang='lat' dir='ltr'>monospermum,</span> <span class='ocrx_word' id='word_1_97' title='bbox 815 1163 966 1216; x_wconf 89' lang='lat' dir='ltr'>reliqua</span> <span class='ocrx_word' id='word_1_98' title='bbox 993 1163 1255 1202; x_wconf 87' lang='lat' dir='ltr'>loculamenta</span> <span class='ocrx_word' id='word_1_99' title='bbox 1282 1163 1332 1202; x_wconf 91' lang='lat' dir='ltr'>ad</span> <span class='ocrx_word' id='word_1_100' title='bbox 1358 1162 1459 1202; x_wconf 91' lang='lat' dir='ltr'>latus</span> <span class='ocrx_word' id='word_1_101' title='bbox 1487 1176 1615 1202; x_wconf 89' lang='lat' dir='ltr'>remo-</span> 
     </span>
     <span class='ocr_line' id='line_1_15' title="bbox 283 1239 1614 1292; baseline -0.004 -9"><span class='ocrx_word' id='word_1_102' title='bbox 283 1256 394 1292; x_wconf 90' lang='lat' dir='ltr'>vens,</span> <span class='ocrx_word' id='word_1_103' title='bbox 412 1243 517 1281; x_wconf 89' lang='lat' dir='ltr'>unde</span> <span class='ocrx_word' id='word_1_104' title='bbox 541 1242 696 1281; x_wconf 89' lang='lat' dir='ltr'>demum</span> <span class='ocrx_word' id='word_1_105' title='bbox 715 1240 998 1280; x_wconf 84' lang='lat' dir='ltr'>oblitterantur.</span> <span class='ocrx_word' id='word_1_106' title='bbox 1029 1240 1176 1291; x_wconf 86' lang='lat' dir='ltr'>Stigma</span> <span class='ocrx_word' id='word_1_107' title='bbox 1188 1239 1332 1292; x_wconf 89' lang='lat' dir='ltr'>prioris</span> <span class='ocrx_word' id='word_1_108' title='bbox 1349 1240 1500 1279; x_wconf 88' lang='lat' dir='ltr'>fructus</span> <span class='ocrx_word' id='word_1_109' title='bbox 1529 1252 1614 1278; x_wconf 89' lang='lat' dir='ltr'>sex-</span> 
     </span>
    </p>
   </div>
   <div class='ocr_carea' id='block_1_3' title="bbox 283 1298 1657 1372">
    <p class='ocr_par' dir='ltr' id='par_1_3' title="bbox 283 1298 1657 1372">
     <span class='ocr_line' id='line_1_16' title="bbox 283 1298 1657 1372; baseline -0.004 -13"><span class='ocrx_word' id='word_1_110' title='bbox 283 1320 471 1372; x_wconf 88' lang='lat' dir='ltr'>partitum</span> <span class='ocrx_word' id='word_1_111' title='bbox 496 1331 578 1358; x_wconf 90' lang='lat' dir='ltr'>non</span> <span class='ocrx_word' id='word_1_112' title='bbox 605 1317 733 1357; x_wconf 90' lang='lat' dir='ltr'>minus</span> <span class='ocrx_word' id='word_1_113' title='bbox 761 1318 811 1356; x_wconf 85' lang='lat' dir='ltr'>ad</span> <span class='ocrx_word' id='word_1_114' title='bbox 837 1317 940 1356; x_wconf 90' lang='lat' dir='ltr'>latus</span> <span class='ocrx_word' id='word_1_115' title='bbox 972 1316 1194 1356; x_wconf 90' lang='lat' dir='ltr'>detruditur</span> <span class='ocrx_word' id='word_1_116' title='bbox 1229 1319 1268 1356; x_wconf 90' lang='lat' dir='ltr'>et</span> <span class='ocrx_word' id='word_1_117' title='bbox 1303 1317 1465 1367; x_wconf 89' lang='lat' dir='ltr'>embryo</span> <span class='ocrx_word' id='word_1_118' title='bbox 1501 1316 1615 1355; x_wconf 89' lang='lat' dir='ltr'>semi-</span> <span class='ocrx_word' id='word_1_119' title='bbox 1653 1298 1657 1300; x_wconf 94' lang='lat'>.</span> 
     </span>
    </p>
   </div>
   <div class='ocr_carea' id='block_1_4' title="bbox 284 1392 1632 2677">
    <p class='ocr_par' dir='ltr' id='par_1_4' title="bbox 284 1392 1629 2512">
     <span class='ocr_line' id='line_1_17' title="bbox 285 1392 1616 1447; baseline -0.004 -11"><span class='ocrx_word' id='word_1_120' title='bbox 285 1397 347 1436; x_wconf 91' lang='lat' dir='ltr'>nis</span> <span class='ocrx_word' id='word_1_121' title='bbox 375 1397 416 1436; x_wconf 91' lang='lat' dir='ltr'>in</span> <span class='ocrx_word' id='word_1_122' title='bbox 449 1408 555 1436; x_wconf 91' lang='lat' dir='ltr'>novo</span> <span class='ocrx_word' id='word_1_123' title='bbox 589 1395 815 1447; x_wconf 87' lang='lat' dir='ltr'>pericarpio</span> <span class='ocrx_word' id='word_1_124' title='bbox 850 1406 990 1433; x_wconf 90' lang='lat' dir='ltr'>versus</span> <span class='ocrx_word' id='word_1_125' title='bbox 1018 1393 1158 1444; x_wconf 87' lang='lat' dir='ltr'>stigma</span> <span class='ocrx_word' id='word_1_126' title='bbox 1192 1392 1363 1432; x_wconf 84' lang='lat' dir='ltr'>directus</span> <span class='ocrx_word' id='word_1_127' title='bbox 1392 1399 1470 1442; x_wconf 90' lang='lat' dir='ltr'>est,</span> <span class='ocrx_word' id='word_1_128' title='bbox 1512 1393 1616 1432; x_wconf 87' lang='lat' dir='ltr'>unde</span> 
     </span>
     <span class='ocr_line' id='line_1_18' title="bbox 284 1469 1618 1526; baseline -0.004 -13"><span class='ocrx_word' id='word_1_129' title='bbox 284 1474 421 1526; x_wconf 86' lang='lat' dir='ltr'>pollen</span> <span class='ocrx_word' id='word_1_130' title='bbox 449 1473 663 1512; x_wconf 81' lang='lat' dir='ltr'>fecundans</span> <span class='ocrx_word' id='word_1_131' title='bbox 697 1473 773 1511; x_wconf 87' lang='lat' dir='ltr'>huc</span> <span class='ocrx_word' id='word_1_132' title='bbox 803 1470 1011 1523; x_wconf 90' lang='lat' dir='ltr'>pervenire</span> <span class='ocrx_word' id='word_1_133' title='bbox 1038 1470 1204 1509; x_wconf 88' lang='lat' dir='ltr'>videtur.</span> <span class='ocrx_word' id='word_1_134' title='bbox 1259 1470 1424 1510; x_wconf 89' lang='lat' dir='ltr'>Accedit</span> <span class='ocrx_word' id='word_1_135' title='bbox 1449 1469 1618 1520; x_wconf 87' lang='lat' dir='ltr'>singula-</span> 
     </span>
     <span class='ocr_line' id='line_1_19' title="bbox 285 1547 1620 1598; baseline -0.004 -8"><span class='ocrx_word' id='word_1_136' title='bbox 285 1551 340 1590; x_wconf 85' lang='lat' dir='ltr'>ris</span> <span class='ocrx_word' id='word_1_137' title='bbox 370 1550 631 1590; x_wconf 88' lang='lat' dir='ltr'>conformatio</span> <span class='ocrx_word' id='word_1_138' title='bbox 660 1549 767 1588; x_wconf 91' lang='lat' dir='ltr'>floris</span> <span class='ocrx_word' id='word_1_139' title='bbox 796 1547 977 1593; x_wconf 78' lang='lat' dir='ltr'>masculi3</span> <span class='ocrx_word' id='word_1_140' title='bbox 1007 1547 1292 1598; x_wconf 83' lang='lat' dir='ltr'>conglutinatae</span> <span class='ocrx_word' id='word_1_141' title='bbox 1317 1547 1419 1586; x_wconf 90' lang='lat' dir='ltr'>enim</span> <span class='ocrx_word' id='word_1_142' title='bbox 1436 1550 1528 1585; x_wconf 85' lang='lat' dir='ltr'>sunt</span> <span class='ocrx_word' id='word_1_143' title='bbox 1554 1548 1620 1584; x_wconf 87' lang='lat' dir='ltr'>an-</span> 
     </span>
     <span class='ocr_line' id='line_1_20' title="bbox 286 1624 1621 1677; baseline -0.004 -11"><span class='ocrx_word' id='word_1_144' title='bbox 286 1627 419 1666; x_wconf 87' lang='lat' dir='ltr'>therae</span> <span class='ocrx_word' id='word_1_145' title='bbox 448 1639 538 1665; x_wconf 92' lang='lat' dir='ltr'>cum</span> <span class='ocrx_word' id='word_1_146' title='bbox 564 1626 739 1677; x_wconf 85' lang='lat' dir='ltr'>apicibus</span> <span class='ocrx_word' id='word_1_147' title='bbox 765 1625 996 1676; x_wconf 90' lang='lat' dir='ltr'>petalorum,</span> <span class='ocrx_word' id='word_1_148' title='bbox 1026 1624 1079 1663; x_wconf 91' lang='lat' dir='ltr'>ita</span> <span class='ocrx_word' id='word_1_149' title='bbox 1092 1627 1135 1663; x_wconf 93' lang='lat' dir='ltr'>ut</span> <span class='ocrx_word' id='word_1_150' title='bbox 1153 1624 1226 1663; x_wconf 90' lang='lat' dir='ltr'>flos</span> <span class='ocrx_word' id='word_1_151' title='bbox 1247 1636 1417 1675; x_wconf 86' lang='lat' dir='ltr'>superne</span> <span class='ocrx_word' id='word_1_152' title='bbox 1435 1635 1515 1662; x_wconf 90' lang='lat' dir='ltr'>non</span> <span class='ocrx_word' id='word_1_153' title='bbox 1531 1635 1621 1673; x_wconf 90' lang='lat' dir='ltr'>ape-</span> 
     </span>
     <span class='ocr_line' id='line_1_21' title="bbox 285 1699 1622 1752; baseline -0.004 -9"><span class='ocrx_word' id='word_1_154' title='bbox 285 1703 419 1752; x_wconf 85' lang='lat' dir='ltr'>riatur,</span> <span class='ocrx_word' id='word_1_155' title='bbox 446 1703 516 1741; x_wconf 87' lang='lat' dir='ltr'>sed</span> <span class='ocrx_word' id='word_1_156' title='bbox 543 1701 581 1740; x_wconf 90' lang='lat' dir='ltr'>in</span> <span class='ocrx_word' id='word_1_157' title='bbox 613 1701 757 1741; x_wconf 85' lang='lat' dir='ltr'>ambitu</span> <span class='ocrx_word' id='word_1_158' title='bbox 785 1702 887 1740; x_wconf 92' lang='lat' dir='ltr'>inter</span> <span class='ocrx_word' id='word_1_159' title='bbox 914 1700 1045 1751; x_wconf 86' lang='lat' dir='ltr'>petala</span> <span class='ocrx_word' id='word_1_160' title='bbox 1072 1701 1298 1740; x_wconf 89' lang='lat' dir='ltr'>secedentia</span> <span class='ocrx_word' id='word_1_161' title='bbox 1324 1700 1458 1751; x_wconf 90' lang='lat' dir='ltr'>pollen</span> <span class='ocrx_word' id='word_1_162' title='bbox 1476 1699 1622 1738; x_wconf 88' lang='lat' dir='ltr'>emitta-</span> 
     </span>
     <span class='ocr_line' id='line_1_22' title="bbox 286 1775 1622 1829; baseline -0.005 -9"><span class='ocrx_word' id='word_1_163' title='bbox 286 1785 362 1820; x_wconf 80' lang='lat' dir='ltr'>tur.</span> <span class='ocrx_word' id='word_1_164' title='bbox 419 1780 462 1818; x_wconf 92' lang='lat' dir='ltr'>In</span> <span class='ocrx_word' id='word_1_165' title='bbox 483 1779 656 1829; x_wconf 89' lang='lat' dir='ltr'>Caryota</span> <span class='ocrx_word' id='word_1_166' title='bbox 678 1777 803 1816; x_wconf 91' lang='lat' dir='ltr'>simile</span> <span class='ocrx_word' id='word_1_167' title='bbox 831 1777 1042 1829; x_wconf 87' lang='lat' dir='ltr'>quidquam</span> <span class='ocrx_word' id='word_1_168' title='bbox 1069 1777 1159 1826; x_wconf 93' lang='lat' dir='ltr'>vidi,</span> <span class='ocrx_word' id='word_1_169' title='bbox 1187 1777 1338 1816; x_wconf 87' lang='lat' dir='ltr'>scilicet</span> <span class='ocrx_word' id='word_1_170' title='bbox 1366 1777 1438 1815; x_wconf 92' lang='lat' dir='ltr'>sub</span> <span class='ocrx_word' id='word_1_171' title='bbox 1466 1775 1622 1827; x_wconf 89' lang='lat' dir='ltr'>stigma-</span> 
     </span>
     <span class='ocr_line' id='line_1_23' title="bbox 287 1853 1622 1905; baseline -0.004 -8"><span class='ocrx_word' id='word_1_172' title='bbox 287 1859 390 1898; x_wconf 85' lang='lat' dir='ltr'>tibus</span> <span class='ocrx_word' id='word_1_173' title='bbox 417 1856 684 1896; x_wconf 88' lang='lat' dir='ltr'>loculamenta</span> <span class='ocrx_word' id='word_1_174' title='bbox 711 1854 786 1893; x_wconf 91' lang='lat' dir='ltr'>tria</span> <span class='ocrx_word' id='word_1_175' title='bbox 811 1867 936 1893; x_wconf 86' lang='lat' dir='ltr'>vacua</span> <span class='ocrx_word' id='word_1_176' title='bbox 964 1858 1002 1892; x_wconf 89' lang='lat' dir='ltr'>et</span> <span class='ocrx_word' id='word_1_177' title='bbox 1029 1865 1161 1904; x_wconf 87' lang='lat' dir='ltr'>parva,</span> <span class='ocrx_word' id='word_1_178' title='bbox 1189 1866 1289 1905; x_wconf 90' lang='lat' dir='ltr'>quae</span> <span class='ocrx_word' id='word_1_179' title='bbox 1318 1857 1433 1892; x_wconf 89' lang='lat' dir='ltr'>aucto</span> <span class='ocrx_word' id='word_1_180' title='bbox 1452 1853 1622 1903; x_wconf 82' lang='lat' dir='ltr'>pericar-</span> 
     </span>
     <span class='ocr_line' id='line_1_24' title="bbox 286 1929 1624 1987; baseline -0.004 -14"><span class='ocrx_word' id='word_1_181' title='bbox 286 1935 355 1987; x_wconf 88' lang='lat' dir='ltr'>pio</span> <span class='ocrx_word' id='word_1_182' title='bbox 383 1944 661 1982; x_wconf 88' lang='lat' dir='ltr'>monospermo</span> <span class='ocrx_word' id='word_1_183' title='bbox 680 1944 774 1970; x_wconf 90' lang='lat' dir='ltr'>mox</span> <span class='ocrx_word' id='word_1_184' title='bbox 792 1931 1077 1970; x_wconf 88' lang='lat' dir='ltr'>oblitterantur.</span> <span class='ocrx_word' id='word_1_185' title='bbox 1093 1952 1145 1959; x_wconf 91' lang='lat'>—</span> <span class='ocrx_word' id='word_1_186' title='bbox 1175 1929 1475 1968; x_wconf 85' lang='lat' dir='ltr'>Similitudinem</span> <span class='ocrx_word' id='word_1_187' title='bbox 1503 1941 1624 1981; x_wconf 88' lang='lat' dir='ltr'>quan—</span> 
     </span>
     <span class='ocr_line' id='line_1_25' title="bbox 288 2006 1626 2059; baseline -0.005 -8"><span class='ocrx_word' id='word_1_188' title='bbox 288 2014 377 2052; x_wconf 88' lang='lat' dir='ltr'>dam</span> <span class='ocrx_word' id='word_1_189' title='bbox 403 2011 519 2050; x_wconf 88' lang='lat' dir='ltr'>habet</span> <span class='ocrx_word' id='word_1_190' title='bbox 545 2007 708 2047; x_wconf 88' lang='lat' dir='ltr'>mutatio</span> <span class='ocrx_word' id='word_1_191' title='bbox 737 2007 922 2059; x_wconf 89' lang='lat' dir='ltr'>germinis</span> <span class='ocrx_word' id='word_1_192' title='bbox 950 2007 990 2045; x_wconf 92' lang='lat' dir='ltr'>in</span> <span class='ocrx_word' id='word_1_193' title='bbox 1013 2006 1275 2058; x_wconf 87' lang='lat' dir='ltr'>Caulophyllo</span> <span class='ocrx_word' id='word_1_194' title='bbox 1305 2011 1343 2045; x_wconf 92' lang='lat' dir='ltr'>et</span> <span class='ocrx_word' id='word_1_195' title='bbox 1364 2006 1626 2054; x_wconf 89' lang='lat' dir='ltr'>Peliosanthe,</span> 
     </span>
     <span class='ocr_line' id='line_1_26' title="bbox 290 2082 1626 2142; baseline -0.005 -15"><span class='ocrx_word' id='word_1_196' title='bbox 290 2102 407 2142; x_wconf 89' lang='lat' dir='ltr'>quam</span> <span class='ocrx_word' id='word_1_197' title='bbox 433 2088 479 2126; x_wconf 87' lang='lat' dir='ltr'>R.</span> <span class='ocrx_word' id='word_1_198' title='bbox 508 2085 770 2125; x_wconf 89' lang='lat' dir='ltr'>Brownius</span> <span class='ocrx_word' id='word_1_199' title='bbox 804 2085 955 2136; x_wconf 88' lang='lat' dir='ltr'>primus</span> <span class='ocrx_word' id='word_1_200' title='bbox 992 2083 1228 2131; x_wconf 87' lang='lat' dir='ltr'>observavit,</span> <span class='ocrx_word' id='word_1_201' title='bbox 1274 2082 1314 2122; x_wconf 87' lang='lat' dir='ltr'>in</span> <span class='ocrx_word' id='word_1_202' title='bbox 1351 2083 1490 2135; x_wconf 88' lang='lat' dir='ltr'>quibus</span> <span class='ocrx_word' id='word_1_203' title='bbox 1524 2082 1626 2133; x_wconf 89' lang='lat' dir='ltr'>peri-</span> 
     </span>
     <span class='ocr_line' id='line_1_27' title="bbox 291 2159 1627 2216; baseline -0.004 -12"><span class='ocrx_word' id='word_1_204' title='bbox 291 2165 467 2216; x_wconf 87' lang='lat' dir='ltr'>carpium</span> <span class='ocrx_word' id='word_1_205' title='bbox 504 2166 592 2202; x_wconf 88' lang='lat' dir='ltr'>ante</span> <span class='ocrx_word' id='word_1_206' title='bbox 627 2162 924 2201; x_wconf 84' lang='lat' dir='ltr'>maturationem</span> <span class='ocrx_word' id='word_1_207' title='bbox 959 2159 1152 2210; x_wconf 88' lang='lat' dir='ltr'>rumpitur</span> <span class='ocrx_word' id='word_1_208' title='bbox 1187 2163 1225 2198; x_wconf 88' lang='lat' dir='ltr'>et</span> <span class='ocrx_word' id='word_1_209' title='bbox 1266 2171 1399 2199; x_wconf 88' lang='lat' dir='ltr'>semen</span> <span class='ocrx_word' id='word_1_210' title='bbox 1434 2159 1627 2211; x_wconf 89' lang='lat' dir='ltr'>pedicello</span> 
     </span>
     <span class='ocr_line' id='line_1_28' title="bbox 293 2229 1627 2285; baseline -0.005 -4"><span class='ocrx_word' id='word_1_211' title='bbox 293 2245 546 2282; x_wconf 86' lang='lat' dir='ltr'>excrescente</span> <span class='ocrx_word' id='word_1_212' title='bbox 575 2238 771 2278; x_wconf 85' lang='lat' dir='ltr'>attollitur</span> <span class='ocrx_word' id='word_1_213' title='bbox 799 2243 838 2277; x_wconf 91' lang='lat' dir='ltr'>et</span> <span class='ocrx_word' id='word_1_214' title='bbox 865 2237 918 2277; x_wconf 89' lang='lat' dir='ltr'>ita</span> <span class='ocrx_word' id='word_1_215' title='bbox 934 2249 1026 2276; x_wconf 87' lang='lat' dir='ltr'>vere</span> <span class='ocrx_word' id='word_1_216' title='bbox 1044 2236 1190 2275; x_wconf 86' lang='lat' dir='ltr'>nudum</span> <span class='ocrx_word' id='word_1_217' title='bbox 1208 2240 1423 2275; x_wconf 88' lang='lat' dir='ltr'>maturatur</span> <span class='ocrx_word' id='word_1_218' title='bbox 1451 2229 1627 2285; x_wconf 82' lang='lat' dir='ltr'>(Verm‚</span> 
     </span>
     <span class='ocr_line' id='line_1_29' title="bbox 293 2312 1627 2367; baseline -0.006 -9"><span class='ocrx_word' id='word_1_219' title='bbox 293 2319 421 2358; x_wconf 86' lang='lat' dir='ltr'>Schr.</span> <span class='ocrx_word' id='word_1_220' title='bbox 450 2316 487 2355; x_wconf 87' lang='lat'>2.</span> <span class='ocrx_word' id='word_1_221' title='bbox 519 2316 642 2366; x_wconf 87' lang='lat'>750.).</span> <span class='ocrx_word' id='word_1_222' title='bbox 703 2317 876 2367; x_wconf 87' lang='lat' dir='ltr'>Hujusce</span> <span class='ocrx_word' id='word_1_223' title='bbox 911 2312 1276 2363; x_wconf 87' lang='lat' dir='ltr'>metamorphoseos</span> <span class='ocrx_word' id='word_1_224' title='bbox 1313 2312 1464 2352; x_wconf 91' lang='lat' dir='ltr'>initium</span> <span class='ocrx_word' id='word_1_225' title='bbox 1497 2313 1627 2351; x_wconf 83' lang='lat' dir='ltr'>facere</span> 
     </span>
     <span class='ocr_line' id='line_1_30' title="bbox 294 2389 1629 2444; baseline -0.006 -10"><span class='ocrx_word' id='word_1_226' title='bbox 294 2395 503 2441; x_wconf 87' lang='lat' dir='ltr'>Resedam,</span> <span class='ocrx_word' id='word_1_227' title='bbox 524 2395 655 2444; x_wconf 77' lang='lat' dir='ltr'>cujus</span> <span class='ocrx_word' id='word_1_228' title='bbox 689 2391 952 2444; x_wconf 87' lang='lat' dir='ltr'>pericarpium</span> <span class='ocrx_word' id='word_1_229' title='bbox 988 2390 1143 2430; x_wconf 87' lang='lat' dir='ltr'>demum</span> <span class='ocrx_word' id='word_1_230' title='bbox 1188 2393 1364 2440; x_wconf 88' lang='lat' dir='ltr'>apertum</span> <span class='ocrx_word' id='word_1_231' title='bbox 1410 2393 1486 2438; x_wconf 88' lang='lat' dir='ltr'>est,</span> <span class='ocrx_word' id='word_1_232' title='bbox 1527 2389 1629 2427; x_wconf 89' lang='lat' dir='ltr'>idem</span> 
     </span>
     <span class='ocr_line' id='line_1_31' title="bbox 297 2471 727 2512; baseline -0.007 0"><span class='ocrx_word' id='word_1_233' title='bbox 297 2476 431 2512; x_wconf 88' lang='lat' dir='ltr'>monet</span> <span class='ocrx_word' id='word_1_234' title='bbox 458 2471 727 2509; x_wconf 86' lang='lat' dir='ltr'>Brownius.</span> 
     </span>
    </p>

    <p class='ocr_par' dir='ltr' id='par_1_5' title="bbox 300 2541 1632 2677">
     <span class='ocr_line' id='line_1_32' title="bbox 407 2541 1630 2592; baseline -0.007 -5"><span class='ocrx_word' id='word_1_235' title='bbox 407 2547 574 2588; x_wconf 81' lang='lat' dir='ltr'>Altera</span> <span class='ocrx_word' id='word_1_236' title='bbox 615 2546 815 2585; x_wconf 87' lang='lat' dir='ltr'>mutatio</span> <span class='ocrx_word' id='word_1_237' title='bbox 862 2548 953 2592; x_wconf 86' lang='lat' dir='ltr'>est,</span> <span class='ocrx_word' id='word_1_238' title='bbox 1000 2543 1038 2581; x_wconf 88' lang='lat' dir='ltr'>si</span> <span class='ocrx_word' id='word_1_239' title='bbox 1081 2541 1354 2591; x_wconf 88' lang='lat' dir='ltr'>columella,</span> <span class='ocrx_word' id='word_1_240' title='bbox 1407 2555 1494 2581; x_wconf 88' lang='lat' dir='ltr'>nec</span> <span class='ocrx_word' id='word_1_241' title='bbox 1534 2553 1630 2579; x_wconf 88' lang='lat' dir='ltr'>non</span> 
     </span>
     <span class='ocr_line' id='line_1_33' title="bbox 300 2616 1632 2677; baseline -0.007 -12"><span class='ocrx_word' id='word_1_242' title='bbox 300 2625 459 2677; x_wconf 85' lang='lat' dir='ltr'>stylus</span> <span class='ocrx_word' id='word_1_243' title='bbox 498 2635 599 2663; x_wconf 84' lang='lat' dir='ltr'>cum</span> <span class='ocrx_word' id='word_1_244' title='bbox 634 2621 860 2672; x_wconf 83' lang='lat' dir='ltr'>stigmate</span> <span class='ocrx_word' id='word_1_245' title='bbox 895 2618 1157 2667; x_wconf 88' lang='lat' dir='ltr'>excrescit,</span> <span class='ocrx_word' id='word_1_246' title='bbox 1195 2619 1301 2670; x_wconf 93' lang='lat' dir='ltr'>quod</span> <span class='ocrx_word' id='word_1_247' title='bbox 1342 2618 1383 2657; x_wconf 87' lang='lat' dir='ltr'>in</span> <span class='ocrx_word' id='word_1_248' title='bbox 1417 2616 1632 2657; x_wconf 84' lang='lat' dir='ltr'>Cruciferis</span> 
     </span>
    </p>
   </div>
  </div>
 </body>
</html>
