1682 2938
902 127 983 171 146

277 248 343 275 ees
372 235 565 276 videntur.
628 236 741 277 Basis
777 250 944 278 carnosa
979 243 1018 278 et
1056 239 1095 278 in
1123 241 1356 291 parapetalis
1384 242 1611 282 Parnassiae

276 313 403 362 adest,
448 317 487 353 et
520 317 649 364 partes
685 314 890 355 filiformes
920 315 959 353 in
988 315 1211 365 glandulam
1240 318 1469 358 terminatae
1498 318 1612 358 simili

275 390 394 429 modo
431 389 513 430 basi
549 404 740 431 carnosae
775 392 931 431 innatae
960 396 1069 440 sunt,
1105 406 1151 431 ac
1180 394 1218 432 in
1248 395 1412 436 Beseda.
1470 397 1513 435 In
1541 397 1612 435 hae

273 467 401 518 petala
427 467 631 518 deficiunt,
677 473 716 509 et
752 468 904 509 corolla
932 468 1156 520 irregularis
1194 475 1252 510 est
1288 485 1388 524 quae
1417 473 1612 524 completa
1656 481 1661 522 j

274 548 312 583 et
339 543 530 596 regularis
559 545 600 583 in
615 545 832 585 Parnassia.
874 545 920 584 R.
950 547 1215 587 Brownius
1244 562 1338 587 vera
1367 562 1454 588 esse
1482 549 1611 600 petala
1652 560 1663 594 Ἰ’ς

272 621 414 660 asserit
442 621 620 670 (Verm.
639 622 774 661 Schr.
803 621 840 661 4.
863 622 950 671 42.)
981 627 1019 662 et
1048 624 1318 676 Lindleyus
1348 639 1452 664 nune
1481 639 1611 664 assen-
1651 643 1663 657 s

272 698 367 738 titur
403 698 878 750 (Natur..Syst.·62.).
935 699 1042 738 Num
1077 700 1181 740 basis
1219 714 1383 740 carnosa
1410 705 1611 752 parapeta-

271 775 399 815 lorum
429 776 478 815 ad
506 776 657 815 discum
686 776 824 814 referri
853 778 1008 827 potest?

431 940 475 978 C.
532 939 753 979 Luxuria
789 938 971 979 florum
1007 945 1051 979 et
1084 940 1450 980 monstrositas.

378 1059 475 1099 Flos
506 1063 566 1099 est
591 1072 744 1111 gemma
770 1059 948 1111 prolepsi
975 1064 1135 1110 mutata,
1162 1062 1220 1100 uti
1247 1060 1283 1114 ἓ.
1301 1062 1365 1102 25.
1386 1062 1608 1113 expositum
1662 1059 1663 1062 ’

271 1142 340 1177 est.
398 1137 565 1177 Gemma
591 1136 709 1188 igitur
734 1136 775 1175 in
802 1137 942 1175 florem
970 1140 1134 1186 mutata,
1171 1137 1265 1177 alias
1294 1151 1482 1189 gemmas,
1511 1151 1608 1190 quas

271 1228 343 1266 per
358 1214 518 1266 longam
535 1226 729 1253 annorum
753 1212 896 1252 seriem
911 1214 1177 1264 produxisset,
1206 1228 1311 1253 nunc
1327 1228 1407 1254 uno
1435 1228 1539 1254 anno
1568 1215 1610 1254 in

269 1304 405 1331 semen
431 1294 499 1330 aut
525 1291 676 1330 semina
702 1293 867 1329 mutatas
897 1294 1015 1342 atque
1043 1291 1222 1330 redactas
1252 1292 1407 1340 emittit,
1450 1296 1489 1330 et
1515 1290 1610 1330 folia

269 1381 369 1421 quae
405 1368 445 1407 in
479 1381 590 1407 ramo
619 1367 818 1418 explicato
847 1367 1148 1407 indeterminato
1177 1381 1342 1408 numero
1370 1381 1492 1407 unum
1520 1372 1610 1419 post
1652 1385 1660 1412 ³1

266 1445 433 1485 alterum
460 1443 701 1496 protulisset,
729 1456 835 1482 nunc
863 1457 1022 1496 quoque
1055 1445 1104 1483 ad
1133 1449 1285 1484 certum
1313 1458 1519 1484 numerum
1549 1457 1609 1484 re-

268 1522 382 1561 dacta
418 1525 457 1560 et
491 1519 686 1560 conciune
719 1521 850 1572 posita
886 1520 1002 1560 simul
1028 1521 1211 1573 explicat.
1266 1522 1309 1561 Si
1336 1535 1433 1562 vero
1468 1521 1609 1560 haein

266 1598 443 1650 prolepsi
468 1599 657 1647 turbatur,
685 1610 767 1638 non
794 1610 885 1636 raro
915 1598 1076 1637 omnino
1105 1603 1171 1638 aut
1196 1599 1339 1650 partim
1367 1600 1415 1638 ad
1436 1599 1608 1650 priorem
1650 1614 1654 1617 Α

268 1676 370 1715 redit
424 1688 681 1727 progressum
737 1677 776 1713 et
831 1675 1066 1725 producitur
1115 1688 1162 1714 ea
1216 1676 1325 1715 floris
1386 1677 1607 1715 conforma-
1651 1663 1653 1665 ¹

267 1753 323 1793 tio
365 1753 583 1801 abnormis,
625 1764 741 1804 quam
775 1751 1064 1802 antholysin
1098 1764 1306 1801 vocamus,
1349 1753 1459 1804 quasi
1498 1752 1608 1792 floris

267 1842 339 1869 seu
365 1828 474 1869 modi
501 1827 668 1868 florendi
697 1826 856 1866 solutio.
914 1827 1053 1866 Oritur
1081 1839 1127 1866 ea
1154 1828 1319 1867 mutatio
1348 1830 1465 1877 floris,
1497 1842 1608 1879 prae-

266 1906 403 1947 sertim
429 1906 615 1946 uberiore
642 1905 895 1953 nutrimento,
925 1917 1004 1956 quo
1033 1917 1175 1944 succus
1202 1906 1378 1945 nutriens
1407 1905 1529 1956 magis
1558 1905 1607 1943 ad
1654 1895 1664 1947 ’ᾗ

264 1987 395 2036 partes
424 1988 607 2023 externas
634 1982 909 2034 producendas
947 1981 1125 2033 dirigitur
1154 1982 1202 2021 ab
1230 1982 1393 2021 internis
1421 1983 1606 2030 deflexus,

266 2061 324 2100 uti
352 2073 511 2113 quoque
544 2058 580 2114 §.
599 2059 664 2100 25.
694 2059 842 2098 dictum
870 2063 938 2098 est.
1612 2111 1619 2114 -
1653 2113 1655 2115 q

373 2136 641 2189 Antholyseos
669 2134 905 2176 vocabulum
932 2148 955 2174 a
980 2135 1027 2176 el.
1053 2135 1391 2187 Engelmanno
1419 2135 1607 2183 mutuavi,

265 2213 334 2267 qui
360 2213 689 2254 Dissertationem
721 2211 964 2264 ingeniosam
1001 2212 1049 2250 de
1077 2211 1348 2264 Antholysi
1375 2213 1604 2252 Franeof.

266 2290 325 2330 ad
348 2290 514 2330 Moen.
544 2289 662 2330 1832.
689 2289 727 2330 8.
756 2288 925 2340 scripsit.

371 2367 484 2407 Varii
502 2372 600 2407 sunt
629 2367 800 2415 effectus,
836 2377 886 2404 ex
912 2365 1036 2404 hocce
1065 2366 1193 2406 reditu
1223 2365 1272 2406 ad
1300 2369 1443 2404 statum
1469 2364 1605 2416 vulga-
1681 2395 1682 2400 ,

265 2448 349 2484 tum
377 2447 416 2484 et
443 2444 716 2497 originarium,
760 2455 878 2496 quem
906 2447 1050 2482 statum
1086 2442 1300 2483 foliationis
1327 2455 1473 2481 vocare
1501 2441 1604 2491 licet,

263 2524 307 2561 ut
327 2535 351 2561 a
375 2524 480 2561 statu
502 2520 777 2561 florescentiae
800 2519 1071 2572 distinguatur.
1112 2520 1244 2560 Primo
1264 2519 1357 2558 loco
1384 2518 1470 2558 axis
1495 2518 1604 2557 elon·
1654 2565 1657 2578 ἰ
1680 2511 1682 2537 ³

263 2602 389 2648 gatur,
417 2597 524 2651 quod
542 2610 700 2651 quoque
716 2596 803 2637 fieri
815 2597 926 2647 solet,
956 2610 1045 2637 eum
1070 2610 1221 2648 gemma
1249 2609 1398 2636 ramum
1427 2608 1516 2634 eum
1545 2594 1603 2633 fo·
1652 2635 1654 2637 ,
