1682 2938
898 129 982 172 206

267 239 305 278 d.
332 237 515 278 Pollen
543 251 582 289 p.
601 238 639 278 3.
675 243 714 278 et
749 239 1001 280 emissionem
1039 242 1154 282 istam
1191 255 1269 294 ope
1303 243 1406 283 acidi
1433 243 1612 285 fortioris

266 329 393 367 aquae
423 314 583 354 admixti
611 315 725 355 valde
753 318 889 369 augeri
915 318 1065 369 primus
1095 320 1330 359 observavit.

377 391 468 431 Alia
495 405 591 432 vero
621 398 660 433 et
690 407 779 434 cum
808 397 1073 447 praecedente
1109 410 1190 436 non
1220 397 1499 437 confundenda
1527 397 1613 449 pol-

265 468 356 508 linis
386 469 552 509 mutatio
583 483 629 509 ea
657 476 733 520 est,
777 485 854 525 qua
890 473 930 512 in
966 473 1101 512 tubum
1142 474 1305 526 longum
1334 475 1549 524 excrescit,
1590 488 1614 514 a

265 547 314 586 R.
343 547 579 587 Brownio
607 548 775 599 primum
803 550 1013 590 observata
1039 550 1081 589 in
1106 551 1313 590 Orchideis
1342 556 1382 591 et
1409 550 1614 602 Asclepia-

265 624 349 664 deis
377 624 554 674 (Verm.
584 625 677 664 Sch
688 639 718 664 r
750 625 788 666 5.
809 626 900 667 147.
920 626 1046 675 174).
1102 628 1306 667 Excrescit
1333 642 1498 680 granum
1526 629 1613 681 pol-

264 701 357 741 linis
394 715 484 741 cum
521 701 561 741 in
595 702 776 754 stigmate
814 708 882 743 aut
917 704 958 743 in
995 705 1122 744 canali
1163 705 1384 757 stigmatico
1420 712 1611 755 versatur,

263 792 345 818 non
372 779 501 818 minus
530 779 569 818 in
600 780 763 819 caudam
790 781 968 832 longam,
997 782 1068 821 sed
1097 783 1221 822 cauda
1248 783 1391 822 haecce
1420 797 1501 822 non
1530 783 1612 823 exit

265 870 315 896 ex
340 856 529 896 interiore
558 856 720 907 pollinis
749 848 997 907 membrana,
1025 859 1162 898 fovilla
1191 859 1367 911 explosa,
1392 861 1462 900 sed
1489 874 1611 899 mem-

262 933 386 973 brana
416 933 592 972 exterior
620 933 659 972 in
688 934 825 972 tubum
850 934 1013 986 longum
1042 936 1228 986 gracilem
1254 937 1321 976 vix
1349 937 1521 988 granulis
1549 950 1611 976 re-

263 1011 409 1049 fertum
438 1010 705 1049 continuatur.
764 1011 853 1061 Ipse
881 1011 1145 1052 Brownius
1174 1012 1220 1062 (1.
1251 1027 1285 1052 c.
1316 1012 1429 1061 173.)
1456 1013 1521 1061 ait,
1550 1018 1610 1052 tu-

260 1087 354 1126 bum
384 1099 406 1125 e
435 1085 594 1137 pollinis
623 1086 790 1138 granulo
814 1100 894 1127 non
912 1088 1031 1137 exire,
1059 1090 1129 1128 sed
1159 1102 1247 1129 esse
1275 1089 1612 1129 continuationem

260 1163 386 1215 ipsius
413 1163 677 1203 membranae.
747 1163 816 1203 Sic
846 1169 886 1204 et
915 1178 989 1217 ego
1018 1165 1100 1206 vidi
1125 1179 1209 1205 non
1243 1166 1373 1206 solum
1402 1166 1443 1205 in
1472 1166 1613 1206 Orchi-

261 1241 345 1280 deis
374 1245 413 1280 et
440 1240 734 1292 Asclepiadeis,
780 1241 851 1280 sed
878 1241 919 1280 iu
954 1242 1041 1282 aliis
1071 1256 1229 1296 quoque
1258 1243 1411 1295 plantis.
1467 1245 1512 1283 ln
1539 1245 1613 1284 Pe-

259 1317 371 1357 tunia
398 1317 578 1357 violacea
606 1330 639 1357 e.
669 1330 704 1369 g.
734 1318 920 1358 facillime
947 1319 1081 1359 videre
1117 1320 1270 1372 poteris
1307 1321 1445 1360 tubum
1474 1333 1495 1360 e
1523 1321 1610 1372 pol-

259 1395 350 1434 linis
387 1395 553 1447 granulo
591 1395 631 1435 in
668 1395 848 1447 stigmate
887 1402 1046 1436 enatum
1080 1397 1199 1450 longe
1236 1397 1435 1437 diversum
1471 1410 1559 1437 esse
1587 1411 1611 1436 a

261 1472 388 1511 cauda
417 1484 467 1512 ex
497 1471 576 1512 alio
606 1472 774 1524 granulo
804 1473 984 1523 ejusdem
1006 1474 1116 1514 floris
1145 1488 1223 1526 ope
1253 1475 1355 1514 acidi
1382 1474 1513 1515 nitrici
1541 1475 1611 1514 eli-

261 1549 351 1589 cita.
407 1549 481 1589 llle
511 1549 757 1589 continuatio
775 1554 835 1589 est
853 1551 976 1590 totius
993 1551 1159 1603 granuli,
1186 1552 1347 1604 longior
1374 1556 1414 1591 et
1441 1551 1609 1601 tenuior,

259 1627 359 1666 haec
394 1627 602 1666 manifeste
638 1640 660 1666 e
694 1640 795 1677 poro
825 1627 907 1666 exit
934 1628 1096 1668 brevior
1129 1634 1168 1668 et
1197 1629 1387 1678 crassior,
1424 1642 1499 1669 nec
1527 1642 1609 1669 non

259 1704 410 1743 formae
449 1703 574 1743 multo
618 1702 747 1742 minus
787 1703 1070 1744 determinatae
1105 1719 1152 1745 ac
1187 1705 1267 1746 ille.
1330 1705 1447 1745 Illum
1474 1706 1610 1746 tubum

259 1781 360 1820 hanc
397 1781 563 1820 caudam
598 1780 837 1821 vocaverim.
903 1781 1038 1820 Gauda
1071 1782 1190 1833 igitur
1217 1786 1296 1830 est,
1343 1795 1460 1835 quam
1486 1782 1612 1822 Ami-

260 1858 368 1898 cius
386 1858 412 1897 l.
433 1871 466 1896 c.
486 1857 810 1909 repraesentavit,
840 1858 988 1897 caudae
1017 1871 1176 1911 quoque
1195 1871 1290 1911 quas
1308 1859 1609 1910 Brongniar-

261 1940 338 1974 tus
367 1934 548 1986 figuris
576 1946 697 1985 supra
725 1933 872 1982 citatis,
900 1935 985 1974 tubi
1012 1948 1110 1975 vero
1138 1935 1341 1984 videntur,
1377 1949 1478 1988 quos
1505 1935 1610 1975 idem
1655 1978 1658 1979 ⁷

262 2016 286 2051 t.
304 2011 372 2051 36.
403 2017 442 2052 et
469 2016 495 2051 t.
520 2011 588 2051 37.
616 2011 641 2050 f.
673 2010 709 2051 1.
740 2011 926 2051 exhibuit.
983 2012 1127 2052 Rarius
1156 2013 1227 2052 sed
1255 2016 1384 2052 tamen
1411 2013 1610 2053 interdum

261 2089 346 2127 tubi
376 2089 522 2128 ramosi
552 2094 770 2129 occurrunt
802 2089 859 2128 uti
887 2089 1151 2129 Brownius
1182 2090 1345 2141 jamjam
1372 2090 1608 2130 observavit.

371 2165 450 2204 Sed
487 2166 674 2206 tuborum
718 2179 859 2218 magna
894 2166 1009 2218 copia
1043 2166 1084 2206 in
1115 2166 1243 2206 canali
1277 2167 1496 2217 stigmatico
1524 2168 1608 2206 fere

261 2254 418 2293 semper
446 2242 661 2292 invenitur,
702 2248 747 2283 ut
777 2255 914 2283 omnes
951 2256 973 2282 e
1000 2243 1162 2295 pollinis
1197 2244 1369 2295 granulis
1404 2244 1501 2283 oriri
1527 2257 1611 2285 non

259 2318 472 2370 potuerint.
531 2321 718 2359 Ceterum
750 2320 938 2359 simillimi
966 2325 1059 2360 sunt
1086 2321 1189 2361 tubis
1216 2334 1357 2361 revera
1384 2333 1405 2360 e
1433 2322 1610 2373 granulis

261 2395 422 2447 pollinis
439 2396 601 2445 exortis,
629 2402 674 2436 ut
695 2397 764 2436 vix
780 2397 967 2449 distingui
991 2403 1146 2450 queant.
1182 2397 1441 2438 Brownius
1468 2398 1607 2451 utique

262 2472 440 2512 distinxit
475 2473 663 2523 (Vei-in.
694 2474 827 2515 Schr.
857 2474 894 2515 5.
924 2474 1018 2515 445.
1036 2473 1096 2525 ⁴¹⁶).
1153 2473 1343 2514 Producti
1377 2480 1470 2515 sunt
1497 2489 1519 2515 e
1547 2480 1608 2516 tu-

350 2600 389 2644 *)
412 2601 558 2635 Mucous
583 2602 683 2637 corda
705 2611 804 2637 vocat
825 2603 1059 2638 BrownIus
1081 2617 1109 2640 v.
1134 2602 1371 2639 observationis
1402 2617 1447 2639 on
1470 2605 1527 2639 the
1551 2617 1606 2640 or-
