1682 2938
911 139 994 182 240

287 249 425 289 einer
459 245 732 287 Gesellsch.
777 248 822 287 in
855 250 1200 303 Wiirtemberg
1235 251 1280 291 T.
1311 249 1346 291 1.
1381 265 1419 303 p.
1443 250 1508 292 35.
1543 265 1618 292 uec

285 338 366 365 non
393 325 542 364 Flora
558 325 603 364 Τ.
621 322 685 365 11.
713 323 805 365 558.
836 327 880 365 T.
898 325 961 367 12.
991 326 1083 368 682.
1112 329 1157 367 T.
1172 326 1235 368 15.
1265 327 1358 369 439.
1389 329 1433 367 T.
1448 326 1510 368 16.
1525 328 1616 369 209.

283 401 378 442 293.
402 403 448 441 Τ.
465 401 528 442 19.
558 399 681 452 177.)
737 402 896 442 Prolem
931 404 1139 455 hybridum
1173 404 1293 444 modo
1328 404 1449 456 patri,
1499 406 1617 445 modo

285 479 400 518 matri
433 478 554 530 magis
590 491 678 518 esse
714 478 881 519 similem
915 484 955 519 ct
989 493 1038 520 eo
1076 481 1198 532 magis
1226 493 1312 520 esse
1340 481 1510 521 fertilem
1538 495 1618 534 quo

284 555 409 607 magis
435 555 552 595 matri
586 555 721 594 similis
749 555 812 596 sit.
867 556 912 595 In
938 557 1097 596 seminis
1134 561 1173 598 et
1206 558 1356 598 fructus
1385 560 1550 598 formam
1577 563 1618 599 et

284 632 462 672 colorem
503 632 572 672 vix
616 645 732 683 agere
776 633 1093 673 secundationem
1136 633 1351 685 hybridam.
1423 635 1618 675 Pollinem

283 709 383 748 alius
411 708 559 760 speciei
587 709 783 749 difficilius
817 709 981 761 suscipi,
1022 723 1138 762 quam
1167 711 1359 761 ejusdem,
1393 713 1500 765 quod
1533 714 1617 764 jam

285 786 652 826 Koelreuterus
686 786 796 826 vidit.
860 788 973 837 Opus
1010 798 1114 836 esse,
1155 791 1200 826 ut
1233 787 1370 838 pollen
1405 788 1549 827 diutius
1578 788 1618 828 in

282 863 463 915 stigmate
497 867 697 912 versetur,
724 875 799 902 nec
826 867 1117 903 momenttaneo
1146 863 1412 903 electricitatis
1448 864 1617 916 impulsu

283 940 598 980 fecundationem
625 939 729 986 fieri3
783 952 884 990 opus
926 952 1084 991 quoque
1113 951 1198 978 esse
1226 943 1270 979 ut
1295 940 1457 980 materia
1483 942 1618 981 fecun-

283 1017 380 1056 dans
415 1016 466 1055 ad
499 1014 648 1054 semina
680 1015 765 1066 ipsa
796 1015 997 1066 procedat.
1055 1016 1100 1054 In
1135 1016 1276 1055 eodem
1309 1017 1445 1057 ovario
1486 1018 1616 1057 varias

283 1105 402 1143 saepe
429 1091 641 1132 varietates
670 1090 787 1130 simul
814 1091 963 1131 adesse.
1007 1114 1058 1122 —-
1103 1091 1252 1131 Multas
1281 1105 1438 1146 quoque
1463 1094 1616 1147 plantas

282 1169 467 1221 hybridas
494 1168 535 1207 in
561 1168 770 1207 Botanical
796 1168 1006 1220 Magazine
1035 1171 1074 1207 et
1100 1168 1307 1208 Botanical
1331 1169 1510 1221 Register
1536 1171 1618 1211 ico-

283 1247 397 1286 nibus
426 1257 635 1298 expressas
664 1249 704 1285 et
732 1245 947 1297 descriptas
970 1245 1156 1297 reperies.

388 1377 433 1417 Si
460 1389 543 1416 non
569 1375 777 1427 probatur,
819 1380 989 1417 attamen
1025 1377 1281 1418 confirmatur
1315 1390 1434 1418 sexus
1468 1379 1617 1430 planta-

284 1467 390 1503 rum,
432 1453 677 1504 teleologicis
706 1466 806 1505 quae
839 1458 984 1494 vocant
1010 1455 1260 1506 argumentis.
1316 1456 1471 1496 Horum
1497 1456 1618 1496 multa

276 1533 439 1583 jamjam
465 1530 594 1570 attulit
621 1530 879 1569 Linnaeus.
934 1531 980 1570 In
1007 1531 1246 1571 Vallisneria
1271 1533 1520 1583 pedunculus
1546 1534 1618 1573 flo-

280 1608 334 1647 ris
363 1607 521 1647 feminei
547 1606 746 1658 spiraliter
771 1610 902 1646 tortus
930 1608 1154 1648 extenditur
1179 1612 1224 1648 ut
1239 1610 1314 1649 flos
1331 1622 1452 1661 supra
1477 1622 1618 1662 aquam

282 1684 455 1734 tollatur,
482 1684 556 1723 flos
570 1684 768 1723 masculus
795 1683 964 1723 solvitur
990 1698 1014 1723 a
1040 1685 1279 1736 pedunculo,
1305 1699 1430 1739 aquae
1457 1686 1616 1735 innatat,

281 1761 456 1813 aperitur
482 1764 522 1800 et
555 1760 746 1812 pollinem
781 1759 932 1799 emittit.
988 1760 1248 1801 Incurvantur
1273 1763 1456 1813 stamina,
1483 1763 1618 1802 anthe-

281 1851 349 1878 rae
378 1837 547 1889 stigmati
573 1837 803 1876 incumbunt
829 1840 868 1876 et
894 1840 987 1888 post
1007 1838 1324 1878 secundationem
1343 1838 1548 1890 eriguntur
1575 1839 1617 1878 in

282 1914 510 1961 Parnassia3
543 1914 703 1953 modum
729 1926 845 1962 vero,
879 1926 958 1966 quo
986 1913 1026 1952 id
1052 1913 1120 1953 fiat
1146 1914 1367 1954 accuratius
1395 1915 1619 1955 observavit

282 1991 337 2031 de
376 1991 645 2030 Humboldt
686 1990 882 2041 (Usteri
923 1991 1027 2030 Bot.
1062 1988 1180 2030 Ann.
1217 1991 1280 2031 St.
1300 1989 1339 2031 3.
1375 2004 1414 2043 p.
1444 1990 1517 2041 3.).
1573 1992 1619 2031 In

282 2067 497 2119 Saxifragis
527 2067 664 2107 similis
693 2067 902 2106 staminum
930 2067 1150 2107 incurvatio
1179 2067 1266 2106 fieri
1281 2066 1398 2110 solet.
1452 2068 1620 2120 Erigun-

283 2150 348 2184 tur
375 2145 539 2184 stamina
564 2144 767 2183 incurvata
792 2148 837 2183 ut
862 2143 1051 2196 pollinem
1080 2143 1294 2195 explodaut
1321 2148 1388 2184 aut
1409 2144 1449 2185 vi
1465 2145 1620 2185 mecha-

282 2221 371 2261 nica
412 2220 666 2272 (Parietaria)
706 2225 774 2260 aut
815 2221 856 2261 vi
899 2220 1104 2272 dynamica
1143 2218 1359 2272 (Spiraea).
1411 2221 1621 2261 Irritabilia

283 2301 374 2337 sunt
401 2297 566 2336 stamina
586 2297 642 2336 ita
668 2302 712 2337 ut
740 2297 957 2337 irritatione
984 2296 1149 2337 fortuito
1178 2298 1282 2337 facta
1307 2297 1358 2337 ad
1384 2297 1522 2348 stigma
1551 2311 1619 2349 ap-

283 2374 479 2427 plicentur
504 2373 740 2429 v(Berberis).
795 2374 876 2414 Sed
902 2386 985 2413 non
1011 2386 1167 2425 semper
1193 2385 1320 2412 mares
1347 2377 1541 2425 quaerunt
1562 2374 1619 2414 fe-

283 2452 418 2500 minas,
443 2454 535 2490 sunt
562 2463 721 2503 quoque
747 2450 918 2503 plantae,
944 2451 984 2490 in
1006 2450 1147 2503 quibus
1169 2449 1335 2489 feminae
1352 2449 1616 2501 procaciores.

285 2528 437 2567 Pistilla
479 2527 736 2567 incurvantur
775 2532 820 2568 ut
854 2527 1034 2567 antheras
1075 2530 1252 2578 tangant,
1295 2529 1378 2565 tum
1413 2525 1618 2566 elevantur

284 2603 483 2657 (Nigella)
508 2608 578 2645 aut
603 2604 792 2656 pistillum
822 2604 1050 2646 incurvatur
1074 2602 1318 2655 stigmatibus
1333 2601 1489 2653 clausis,
1517 2613 1617 2654 quae
