1682 2938
935 130 1014 174 156

304 241 414 281 floris
450 243 589 281 cessat.
645 241 707 281 Ob
741 240 974 294 elegantiam
1011 243 1239 296 frequenter
1273 244 1314 284 in
1340 244 1474 285 Hortis
1502 246 1638 286 colun-

304 322 382 358 tur.
438 319 535 358 Vice
577 331 693 359 versa
734 319 910 359 corollae
945 320 1131 371 ligulatae
1164 321 1261 360 radii
1297 321 1338 360 in
1373 322 1543 362 corollas
1576 327 1637 362 tu-

303 395 462 434 bulosas
490 395 589 435 disci
619 400 833 445 transeunt,
863 399 976 448 cujus
1004 398 1062 437 rei
1080 399 1247 450 Tagetes
1264 403 1395 439 erecta
1415 400 1636 452 exemplum

303 473 420 512 offert
446 471 538 523 (cfr.
563 470 826 525 'Jaegerum
853 473 879 513 l.
910 487 942 514 c.
975 474 1065 515 167.
1095 473 1220 526 176.)

409 603 557 643 Similis
591 605 755 644 mutatio
793 609 832 644 et
867 605 908 644 in
936 605 1022 646 aliis
1048 606 1193 658 plantis
1221 618 1322 659 quae
1348 607 1399 645 ad
1426 607 1636 658 Composi-

301 684 361 721 tas
388 693 471 720 non
494 680 693 732 pertinent
719 681 806 721 fieri
819 682 934 722 solet.
961 683 1182 722 Viburnum
1200 684 1353 735 Opulus
1373 688 1633 735 spontaneum

300 758 470 797 corollas
496 758 613 797 habet
640 758 680 796 in
706 758 835 797 media
871 773 985 811 cyma
1011 760 1348 811 hermaphroditas
1377 760 1527 801 fertiles
1564 761 1634 799 mi-

301 846 439 883 nores,
473 834 516 873 in
542 834 764 885 peripheria
792 836 965 876 corollas
993 837 1163 888 majores
1197 841 1358 876 neutras
1387 837 1633 877 candidiores

299 915 338 950 et
365 911 423 950 sic
451 924 565 962 cyma
591 911 704 962 quasi
731 912 913 952 anthodia
926 913 1040 952 sistit.
1085 913 1223 953 Planta
1239 913 1343 953 culta
1369 927 1466 953 vero
1495 927 1632 953 omnes

297 988 339 1027 in
380 1000 494 1039 cyma
538 987 640 1038 gerit
687 987 859 1028 corollas
906 991 1076 1040 majores
1123 994 1283 1030 neutras
1328 991 1630 1039 candidissimas,

294 1078 411 1117 quam
439 1064 490 1103 ob
517 1076 603 1103 rem
630 1065 815 1116 frequens
843 1065 997 1105 colitur.
1052 1067 1159 1106 Idem
1185 1066 1226 1106 in
1251 1067 1459 1107 Hortensia
1485 1068 1631 1107 factum

292 1142 471 1190 videtur,
505 1140 639 1192 planta
673 1150 791 1193 quam
826 1146 1083 1194 spontaneam
1116 1142 1358 1194 ignoramus,
1395 1144 1436 1182 in
1462 1145 1630 1195 Japonia

295 1219 391 1259 olim
419 1222 458 1258 et
484 1230 591 1257 nunc
618 1218 723 1269 apud
750 1231 825 1258 nos
854 1219 1020 1267 cultam;
1047 1220 1082 1259 si
1109 1232 1199 1259 cum
1215 1221 1449 1272 Hydrangea
1476 1223 1630 1274 querci-

291 1296 400 1345 folia,
428 1294 536 1334 affini
563 1294 698 1346 planta
725 1307 1010 1347 comparamus.

399 1426 598 1467 Anthodia
622 1425 749 1466 multo
777 1427 918 1478 magis,
961 1441 1078 1480 quem
1105 1429 1223 1468 flores
1250 1429 1393 1481 singuli
1421 1430 1630 1471 ecblastesi

291 1510 331 1546 et
357 1503 537 1555 diaphysi
563 1502 779 1552 luxuriant,
816 1504 924 1556 quod
950 1505 1065 1544 etiam
1093 1507 1142 1545 ad
1168 1507 1460 1559 anthodiolysin
1487 1509 1627 1548 referri

289 1586 432 1637 potest.
488 1579 612 1620 Bellis
627 1580 811 1631 perennis
835 1594 917 1620 non
949 1595 1040 1622 raro
1067 1583 1258 1634 prolifera
1285 1588 1356 1633 est,
1383 1597 1455 1624 seu
1478 1586 1628 1636 pedun-

288 1659 401 1699 culos
429 1672 519 1698 cum
546 1658 632 1697 aliis
659 1658 853 1697 anthodiis
881 1671 931 1697 ex
958 1659 1145 1699 anthodio
1181 1660 1371 1712 explicat,
1412 1666 1452 1701 et
1478 1661 1626 1701 Anthe-

288 1736 362 1776 mis
390 1735 546 1775 arabica
557 1735 673 1786 hujus
700 1734 809 1774 modi
836 1736 963 1775 forma
990 1742 1177 1776 constans
1207 1738 1310 1777 facta
1337 1750 1408 1778 seu
1433 1743 1625 1779 catamor-

289 1814 449 1866 photica
474 1812 640 1852 videtur.

393 1938 699 1990 Anthodiolysin
743 1938 1109 1991 Engelmannus
1159 1940 1466 1991 anthesmolysin
1506 1946 1622 1981 vocat

284 2017 331 2068 (l.
362 2030 395 2056 c.
424 2015 523 2066 63.)

393 2142 636 2181 Peloriam
664 2155 750 2182 esse
779 2143 950 2183 reditum
979 2142 1154 2182 corollae
1181 2142 1350 2181 labiatae
1376 2143 1425 2182 ad
1452 2144 1619 2183 formam

282 2219 502 2270 regularem
523 2219 607 2269 jam
635 2220 781 2260 dudum
809 2220 890 2260 dixi
919 2219 1141 2270 (Grundl.
1161 2218 1286 2269 213.)
1342 2220 1485 2259 Postea
1511 2221 1620 2260 Cas-

284 2295 444 2335 sinius
472 2296 576 2335 idem
601 2297 661 2336 uti
685 2297 918 2348 paradoxon
944 2297 1151 2349 proposuit
1166 2297 1422 2348 (Opuscul.
1437 2297 1475 2336 2.
1491 2297 1615 2349 331.)

281 2372 478 2412 Peloriam
511 2373 690 2413 Linariae
726 2373 899 2425 vulgaris
936 2375 1092 2426 primus
1127 2374 1212 2413 Lin
1223 2387 1372 2413 naeus
1410 2375 1617 2426 descripsit

280 2448 501 2501 (Amoen.
537 2451 667 2489 acad.
705 2449 742 2490 1.
770 2450 871 2499 55.).
925 2451 1006 2491 Sed
1046 2451 1281 2503 hypothesin
1319 2451 1484 2500 addidit,
1528 2465 1614 2492 esse

279 2525 455 2578 plantam
481 2525 702 2577 hybridam,
739 2529 793 2568 ita
821 2532 951 2567 tamen
984 2532 1029 2568 ut
1055 2532 1208 2580 patrem
1235 2527 1407 2567 indicare
1434 2541 1517 2567 non
1542 2541 1614 2579 po-

280 2603 409 2643 tuerit.
468 2604 615 2644 Omnes
651 2605 735 2644 fere
771 2605 953 2645 Botanici
985 2609 1078 2657 post
1104 2606 1372 2646 Linnaeum
1406 2605 1456 2644 ad
1482 2617 1614 2645 mons-
