1682 2938
924 137 1007 180 290

292 245 426 286 innata
458 250 551 286 sunt
587 244 682 286 folia
708 246 910 287 seminalia
938 261 1009 290 seu
1038 261 1060 288 c
1069 260 1093 289 ο
1103 252 1152 300 ty
1162 247 1175 287 l
1187 261 1208 289 e
1217 249 1242 289 d
1250 261 1275 290 o
1283 261 1310 290 n
1320 261 1367 290 es
1407 250 1510 291 intra
1537 264 1632 304 quas
1650 254 1655 258 ’

291 335 316 374 g
325 334 346 361 e
356 321 498 361 mmul
507 335 530 361 a
556 323 701 363 haeret.
759 323 1028 376 Cotyledones
1057 326 1140 365 fere
1169 338 1306 366 omnes
1330 327 1513 367 dixerunt
1529 327 1632 368 Auc-

288 403 409 449 tores,
441 400 513 440 sed
541 400 785 439 caudiculum
814 401 854 440 in
883 402 979 442 duas
1000 402 1186 442 dirimunt
1208 407 1352 455 partes,
1381 417 1546 456 quarum
1567 418 1631 445 su-
1679 392 1682 393 ⁷

287 477 487 529 periorem
530 478 560 516 L
569 477 614 517 in
624 490 649 516 11
659 491 682 516 a
692 491 713 516 e
721 490 747 516 u
756 490 775 517 s
831 491 922 518 cum
967 479 1203 531 Caesalpino
1262 481 1466 520 corculum
1521 482 1630 532 dixit,

289 554 474 608 Gaertn
486 567 598 595 erus
627 568 716 593 cum
739 554 972 595 Adanson
984 569 1008 596 o
1037 569 1208 608 scapum,
1236 557 1353 597 Rich
1365 559 1515 598 ardus
1545 572 1630 600 cor-

285 645 361 683 pus
390 631 728 683 cotyledonarium
740 663 749 680 ‚
779 632 1005 672 inferiorem
1039 635 1069 672 L
1080 634 1092 672 i
1101 646 1127 672 11
1135 647 1161 672 n
1172 646 1194 672 a
1205 646 1225 673 e
1234 647 1260 672 u
1268 647 1287 673 s
1316 648 1405 674 cum
1438 636 1471 675 C
1479 650 1502 675 a
1510 649 1531 675 e
1540 649 1559 676 s
1568 650 1590 676 a
1597 636 1630 675 l-

285 709 370 760 pin
382 721 406 748 0
437 708 663 758 rostellum,
701 708 1013 749 Gaertnerus
1052 723 1141 749 cum
1168 708 1203 749 A
1215 711 1331 750 dans
1343 724 1437 751 ono
1473 713 1630 752 radicu-

223 818 232 824 ,
286 784 382 835 lam,
437 785 712 825 Richardus
769 797 913 836 corpus
968 786 1198 826 radiculare.
1268 787 1346 827 Sed
1395 789 1478 839 jam
1533 789 1628 828 olim

284 861 347 910 (G
360 861 516 901 rundl.
565 862 600 901 d.
646 861 728 899 An.
770 860 892 910 236.)
949 862 1214 902 demonstravi
1255 864 1469 903 radiculam
1511 864 1628 916 plane

284 938 449 978 eandem
483 938 626 976 habere
666 942 922 986 structuram,
962 951 1078 990 quam
1115 938 1319 978 corculum
1354 953 1426 979 seu
1453 954 1626 993 scapum,

283 1014 498 1053 medullam
533 1014 686 1053 scilicet
721 1014 761 1053 in
798 1015 928 1054 medio
957 1028 1114 1066 gerere,
1155 1016 1213 1055 uti
1242 1016 1365 1055 caulis
1393 1016 1625 1068 plantarum.

283 1091 378 1130 Non
412 1098 520 1131 raro·
542 1103 701 1143 quoque
738 1103 831 1131 vasa
865 1092 1026 1143 spiralia
1060 1092 1273 1132 medullam
1309 1093 1505 1144 cingentia
1529 1094 1627 1133 indi-

284 1172 373 1207 cata
400 1171 502 1217 sunt,
532 1168 784 1207 subtilissime
812 1169 968 1220 quidem
996 1173 1040 1209 ut
1066 1169 1133 1209 vix
1155 1173 1456 1221 cognoscantur.
1501 1170 1626 1210 Totus

283 1245 447 1296 embryo
476 1244 612 1296 igitur,
646 1245 824 1296 exceptis
860 1245 1179 1297 cotyla—donibus,
1214 1247 1430 1286 secundum
1457 1251 1627 1286 structu-

282 1334 367 1360 ram
397 1320 520 1360 caulis
550 1325 626 1369 est3
664 1335 752 1361 cum
781 1335 878 1361 vero
907 1322 990 1361 basi
1019 1323 1204 1362 deorsum
1231 1336 1314 1363 non
1342 1336 1432 1363 raro
1462 1328 1624 1373 crescat,

283 1398 435 1437 caudex
463 1411 534 1437 seu
560 1398 790 1438 caudiculus
819 1398 994 1447 dicatur,
1033 1403 1073 1438 et
1109 1400 1332 1440 extremitas
1369 1399 1625 1451 cotyledona-

281 1474 338 1515 ris
366 1474 413 1514 ab
443 1475 688 1514 extremitate
717 1475 929 1515 radiculari
958 1475 1228 1527 distinguatur.
1283 1478 1409 1528 HuJus
1436 1490 1539 1528 apex
1567 1476 1625 1515 in-

281 1552 436 1591 terdum
464 1551 699 1591 incrassatas
730 1557 789 1592 est
817 1556 861 1591 ut
890 1552 930 1590 in
956 1553 1187 1602 Berberide,
1223 1558 1291 1593 aut
1324 1566 1529 1593 verrucam
1553 1551 1622 1592 'ha-

280 1629 349 1668 bet
375 1629 630 1668 incrassatam
666 1633 710 1668 ut
735 1628 774 1667 in
804 1629 1031 1680 Tropaeolo
1066 1629 1158 1680 (cfr.
1187 1629 1302 1682 Aug.
1339 1630 1402 1670 St.
1429 1630 1624 1669 Hilaire

280 1703 399 1744 Ann.
428 1705 464 1743 d.
493 1705 614 1744 Mus.
644 1706 688 1744 T.
707 1704 804 1754 18.)
867 1705 1081 1745 Radiculae
1120 1707 1169 1745 ad
1205 1706 1315 1746 basin
1350 1707 1453 1746 intra
1480 1711 1624 1746 terram

281 1794 304 1821 e
341 1780 548 1821 caudiculo
588 1781 745 1821 demum
781 1784 1009 1831 erumpunt,
1050 1782 1140 1821 hinc
1178 1796 1323 1822 nomen
1365 1783 1625 1834 embryonum

281 1858 579 1907 exorhizorum,
634 1858 728 1910 quid
767 1857 1041 1898 Richardus
1078 1859 1185 1898 hisce
1227 1859 1332 1898 dedit
1374 1858 1515 1898 falsum
1554 1862 1623 1908 est,

280 1947 372 1975 nam
405 1947 488 1974 non
522 1934 651 1974 minus
686 1934 888 1974 endorhizi
924 1942 1033 1985 sunt,
1076 1948 1123 1975 ac
1166 1936 1400 1987 embryones
1427 1935 1624 1974 Monoco-

279 2011 490 2064 tylearum.

388 2089 565 2140 Embryo
603 2088 651 2128 ab
688 2088 883 2128 albumine
917 2101 989 2128 seu
1031 2089 1291 2140 perispermio
1329 2088 1543 2146 includitur
1584 2092 1623 2127 ct

279 2165 437 2219 quidem
466 2164 708 2205 centralis
737 2169 803 2205 aut
830 2167 1166 2215 excentricus‚
1196 2170 1262 2205 aut
1289 2165 1471 2217 albumen
1498 2165 1623 2204 inclu-

280 2242 354 2293 dit,
387 2242 530 2294 partim
565 2246 633 2281 aut
659 2242 777 2294 plane
803 2242 1088 2294 peripheric
1099 2254 1151 2282 us
1192 2242 1521 2293 (Chenopodeae,
1549 2241 1623 2280 Ga-

279 2317 616 2371 ryophyllaceae).

389 2396 618 2435 Directione
647 2400 739 2436 sunt
766 2396 1003 2447 embryones
1031 2396 1180 2445 recti,
1215 2395 1410 2444 arcuati
1444 2394 1510 2434 vel
1538 2394 1647 2434 fal?

282 2473 399 2523 cati,
426 2472 654 2512 uncinati
683 2478 724 2512 et
751 2472 951 2524 cyclici,
989 2472 1358 2524 conduplicati,
1396 2471 1619 2522 spirales,

278 2549 564 2602 gnomonici
599 2550 649 2588 ad
686 2550 872 2602 angulum
907 2554 1059 2589 rectum
1102 2549 1214 2598 flexi,
1262 2547 1543 2599 serpentini
1579 2551 1620 2587 et

279 2627 544 2679 sigmoidei
572 2626 628 2667 uti
655 2626 784 2666 littera
812 2626 947 2667 Sflexi
974 2626 1254 2715 (Gaertnen
1283 2624 1496 2675 CLXVI.)
