1682 2938
914 113 996 156 304

290 232 372 260 non
398 219 679 272 propagabitur
705 221 781 261 nisi
799 222 922 273 tuber,
951 237 1122 274 cormus,
1148 226 1290 267 bulbus
1318 231 1386 268 aut
1413 228 1489 269 alia
1515 243 1621 282 gem-

289 297 397 337 mula
421 297 462 336 in
492 297 697 338 caudiculo
726 303 944 339 enascatur.

395 385 440 424 In
467 384 665 424 Nelumbii
698 387 846 427 semine
880 400 1008 428 massa
1043 402 1209 429 carnosa
1245 391 1425 442 bipartita
1459 393 1626 434 includit

287 461 522 514 gemmulam
569 461 825 514 (plumulam)
872 465 1095 505 membrana
1136 468 1244 507 tenui
1286 469 1510 510 involutam.
1579 471 1625 510 Si

288 551 377 577 cum
406 539 559 589 Trapae
590 539 803 590 embryone
833 554 1036 592 comparas
1065 543 1184 583 habes
1214 558 1381 584 massam
1416 559 1622 587 carnosam

286 619 330 654 ut
354 615 395 654 in
423 616 572 666 Trapa,
600 616 670 654 sed
698 616 936 667 bipartitam,
967 619 1306 670 cotyledonarem‚
1335 622 1394 661 uti
1421 636 1510 662 cum
1538 624 1622 675 ple-

284 692 419 744 risque
449 692 568 730 credo
597 691 817 739 Botanicis;
847 694 1074 733 caudiculus
1102 709 1198 736 vero
1226 698 1439 739 surcularis
1469 701 1622 751 Trapae

284 769 325 808 in
352 768 566 820 plumulam
594 780 624 807 s.
655 769 889 819 gemmulam
921 775 1150 810 contractus
1177 776 1244 812 est.
1280 773 1359 813 Sed
1377 776 1480 819 unde
1500 790 1622 816 mem-

283 846 406 885 brana
439 844 656 896 plumulam
690 845 919 885 includens?
972 846 1071 885 Rem
1108 848 1253 899 optime
1291 851 1502 902 explicavit
1537 852 1620 893 Ad.

282 921 648 973 Brongniartus
694 921 835 971 (Ann.
882 923 918 962 d.
955 936 1018 963 sc.
1053 937 1091 963 n.
1129 923 1192 964 12.
1228 925 1320 966 251.
1357 927 1483 976 253.).
1550 929 1620 969 Vi-

282 1000 339 1039 dit
397 999 438 1037 in
490 998 771 1049 Ceratopbyllo
820 999 1075 1051 embryonem
1122 1005 1234 1040 extra
1290 1003 1491 1043 sacculum
1541 1019 1619 1046 em-

282 1075 514 1127 bryonalem
574 1075 849 1124 constitutum,
927 1076 1080 1129 ipsique
1143 1081 1273 1117 tamen
1332 1080 1618 1131 adhaerentem,

282 1153 501 1194 crescendo
556 1153 659 1191 intra
712 1153 913 1192 sacculum
964 1157 1188 1204 penetrare,
1238 1155 1404 1209 ipsoque
1455 1157 1616 1198 involvi.

281 1232 369 1270 Hoc
419 1230 468 1269 ad
518 1228 770 1268 Nelumbium
813 1231 935 1269 refert
979 1234 1018 1269 et
1069 1235 1178 1270 recte
1219 1237 1330 1283 putat
1374 1233 1415 1272 in
1455 1233 1618 1274 Nelum-

280 1308 347 1347 bio
392 1306 648 1357 embryonem
695 1319 852 1359 quoque
904 1307 1007 1346 intra
1057 1307 1259 1347 sacculum
1308 1313 1536 1360 penetrasse
1580 1315 1619 1351 et

280 1398 330 1425 eo
372 1384 586 1424 obductum
625 1396 725 1423 esse.
793 1384 975 1437 Plerique
1013 1383 1207 1424 Auctores
1243 1386 1508 1426 membranam
1542 1401 1617 1439 pro

280 1462 426 1514 stipula
451 1462 631 1511 habuere,
662 1463 730 1501 cfr.
758 1462 963 1500 Poiteau
991 1461 1128 1512 (Ann.
1158 1462 1217 1500 du
1245 1462 1366 1503 Mus.
1397 1463 1460 1504 13.
1490 1462 1616 1515 138),

277 1539 562 1579 Mirbelium
589 1539 709 1588 (ibd.
738 1537 872 1588 465),
915 1538 1186 1578 Richardus
1221 1539 1269 1578 ab
1298 1540 1478 1580 omnibus
1506 1542 1616 1581 aber-

277 1629 369 1656 rans
397 1616 671 1655 'membranam
708 1616 822 1655 istam
856 1615 1136 1665 cotyledonem
1179 1617 1337 1656 vocavit
1375 1621 1415 1656 et
1452 1630 1616 1658 massam

277 1706 484 1733 carnosam
512 1692 736 1743 bipartitam
764 1692 990 1732 radiculam.

384 1794 446 1832 De
488 1791 719 1843 Nymphaea
752 1792 836 1842 jam
877 1795 993 1830 antea
1032 1791 1079 1830 R.
1118 1791 1378 1831 Brownius
1430 1793 1612 1844 (Verm.

276 1870 411 1910 Schr.
442 1868 482 1909 4.
510 1868 625 1918 100.)
651 1868 913 1907 affirmaverat
941 1867 1142 1907 sacculum
1170 1867 1464 1918 embryonalem
1490 1871 1614 1921 persi-

275 1952 381 1987 stere
411 1950 450 1986 et
477 1945 631 1985 tunicae
659 1945 781 1984 instar
808 1948 934 1984 totum
963 1945 1217 1995 embryonem
1244 1944 1458 1995 includere,
1485 1946 1544 1985 uti
1572 1946 1613 1986 in

273 2023 486 2063 Nelumbio
518 2021 744 2074 plumulam.
811 2020 1148 2061 Germinationem
1191 2020 1503 2061 Tittmannus
1543 2023 1613 2062 ob·
1678 2063 1679 2066 ,

274 2100 445 2140 servavit
474 2098 520 2149 (l.
551 2113 584 2138 c.
614 2098 677 2139 19.
707 2098 807 2148 27.)
863 2100 896 2138 Ε
926 2110 1095 2149 corpore
1130 2097 1401 2148 cotyledonari
1429 2098 1611 2138 caudicu-

273 2176 336 2216 lus
364 2175 577 2215 surcularis
606 2176 705 2225 exit,
755 2176 822 2228 qui
849 2188 954 2227 pone
983 2174 1242 2225 denticulum,
1277 2175 1317 2214 in
1344 2175 1492 2215 semine
1520 2179 1611 2215 ante
1678 2198 1682 2202 a

272 2252 597 2305 germinationem
620 2253 780 2303 jamjam
810 2252 1066 2302 conspicuum
1093 2263 1284 2302 gemmam
1313 2251 1469 2301 evolvit,
1497 2251 1614 2291 utiin'

274 2331 404 2381 Trapa
430 2341 535 2380 pone
564 2342 764 2381 squamam
792 2330 879 2369 fieri
905 2329 1018 2369 solet.

381 2430 529 2467 Omnes
547 2429 782 2480 embryones
795 2429 998 2480 hucusque
1024 2426 1208 2466 recensiti
1232 2426 1282 2465 ad
1310 2425 1493 2466 evolutos
1519 2438 1610 2477 per-

270 2505 416 2554 tinent,
445 2505 495 2544 ob
523 2518 713 2556 gemmam
740 2505 986 2546 manifestam
1014 2507 1081 2542 aut
1107 2507 1220 2554 parte
1249 2502 1435 2542 fulciente
1463 2502 1609 2542 indica·
1667 2552 1670 2556 ἡ

269 2585 360 2621 tam.
416 2582 661 2633 Embryones
689 2583 841 2632 Trapae
870 2587 909 2620 et
936 2580 1188 2631 Nymphaeae
1216 2579 1436 2619 surculares
1463 2591 1493 2619 s.
1522 2590 1608 2618 sur-
