1682 2938
0 2618 12 2640 ju
0 2573 11 2603 ,εκ
0 2417 14 2567 wsb-*xz
0 2310 9 2406 ..mxmm
0 2251 10 2298 ,⁴324

0 2641 16 2938 Ej-Essz—a-.-.Q22xss

896 104 980 147 312

275 214 446 268 spatium
483 226 555 255 sua
584 200 764 258 emittunt
807 215 904 256 folia
938 216 996 256 uti
1022 215 1211 259 Panicum
1237 216 1478 268 miliaceum,
1521 218 1608 270 alia,

275 305 399 345 eaque
426 292 595 346 plurima
621 292 724 335 intra
751 291 916 344 primam
943 293 1199 345 septimanam
1217 294 1435 346 germinant
1450 299 1495 334 ut
1512 296 1611 336 Cru-

277 368 435 419 ciseme,
464 369 725 421 Compositae,
752 370 1040 421 Leguminosae
1067 370 1142 413 alia
1167 375 1259 422 post
1286 370 1411 415 2—-4
1431 372 1612 427 septima-

275 458 347 487 nas
374 446 432 485 uti
460 446 700 488 Umbellatae
729 450 769 486 et
795 446 1000 497 Labiatae‚
1041 446 1117 490 alia
1150 451 1242 498 post
1274 447 1409 499 plures
1443 462 1610 492 menseS.

277 525 368 575 Quo
409 521 633 563 recentiora
673 526 765 562 sunt
800 523 950 562 semina
985 536 1034 563 eo
1068 522 1182 563 citius
1216 524 1445 575 germinant.
1512 524 1613 564 Hinc

277 599 428 639 semina
463 602 649 639 autumno
693 602 778 638 sata
811 603 879 639 aut
912 612 934 638 e
969 600 1159 639 fructibus
1192 600 1233 639 in
1273 604 1418 640 terram
1454 600 1614 652 delapsa

276 674 356 715 cito
384 675 620 728 germinant,
661 687 762 731 quae
796 688 891 716 vere
923 675 1154 732 insequente
1185 681 1270 716 sata
1305 677 1372 718 diu
1407 677 1480 717 sub
1508 681 1615 717 terra

278 751 415 795 latent.

388 828 591 883 Quaedam
623 827 773 869 semina
808 827 875 867 diu
918 830 1110 870 asservari
1149 834 1359 885 nequeunt.
1423 830 1514 872 Cito
1544 842 1614 883 pe-

279 909 395 947 reunt
421 905 570 946 semina
598 903 885 956 Rhizophorae‚
914 905 1084 956 Goffeae‚
1112 907 1252 956 Theae‚
1286 906 1495 950 Dictamni.
1533 907 1613 948 Diu

280 981 422 1023 durant
447 981 596 1023 semina
607 981 966 1033 Leguminosarum,
994 984 1224 1034 praesertim
1250 996 1347 1024 vero
1376 983 1524 1025 semina
1539 983 1616 1023 Ge*

280 1057 446 1099 realium
472 1062 511 1099 et
537 1063 634 1098 nota
661 1062 753 1099 sunt
781 1057 1069 1109 experimenta,
1105 1073 1207 1113 quae
1233 1061 1284 1100 de
1309 1059 1522 1100 seminibus
1546 1059 1616 1099 tri-

279 1134 393 1175 ticeis
427 1134 531 1175 intra
565 1135 792 1186 Pyramides
827 1135 1052 1187 aegyptioas
1088 1137 1257 1193 repertis
1291 1141 1331 1178 et
1367 1135 1618 1188 germinanti-

279 1211 352 1251 bus
380 1212 485 1255 facta
510 1212 621 1255 Gom.
660 1213 727 1254 de.
757 1211 1032 1265 Sternberg
1064 1214 1196 1256 coetui
1228 1213 1402 1258 Naturae
1430 1212 1619 1257 cariosos

284 1301 371 1331 rum
399 1289 643 1341 Stuttgardia
671 1287 780 1329 1834
805 1289 951 1331 retulit.

390 1364 473 1405 Sub
500 1369 607 1406 terra
641 1365 709 1407 diu
735 1366 876 1409 durant
901 1379 985 1406 non
1012 1370 1198 1419 corrupta
1224 1366 1278 1406 ita
1304 1371 1347 1408 ut
1375 1366 1416 1407 in
1444 1366 1534 1406 solo
1563 1365 1618 1408 la..

281 1454 399 1481 cuum
441 1441 732 1483 exsiccatorum
773 1442 932 1494 plantae
966 1447 1104 1485 enatae
1138 1443 1232 1493 sint,
1272 1456 1347 1484 nec
1384 1448 1509 1493 satae,
1544 1455 1619 1485 neo

281 1518 539 1560 circumcirca
565 1522 812 1561 occurentes.
1028 1515 1030 1517 ’

391 1595 502 1636 Vidit
530 1596 830 1638 Senebierus
863 1595 1014 1636 semina
1039 1597 1258 1648 germinare
1293 1596 1469 1654 quamvis
1496 1595 1621 1636 umbi-

281 1673 385 1717 licus
413 1673 596 1715 obtectus
628 1673 681 1714 sit
713 1673 825 1714 visco
859 1685 985 1728 quam
1010 1673 1061 1713 ob
1095 1686 1180 1712 rem
1214 1686 1288 1728 per
1324 1677 1448 1716 totam
1482 1677 1622 1715 testam

282 1750 468 1793 humores
496 1748 654 1791 haurire
679 1748 943 1790 necessarium
973 1753 1033 1790 est
1058 1750 1217 1803 (Phys.
1245 1746 1402 1801 veget,
1429 1749 1470 1793 3,
1495 1747 1623 1799 365,).

283 1827 452 1870 Resecta
477 1825 674 1878 gemmula
700 1825 864 1867 alteram
891 1825 988 1867 vidit
1016 1829 1169 1868 enatam
1210 1825 1358 1876 (2570.
1412 1826 1624 1868 Immatura

282 1916 379 1944 vero
416 1907 455 1945 et
487 1902 626 1943 viridia
665 1902 815 1945 semina
850 1914 932 1942 non
966 1901 1184 1952 germinare
1226 1907 1365 1942 contra
1392 1901 1625 1942 Senebies

284 1993 388 2020 rum
416 1983 602 2032 expertus
630 1983 692 2019 est
720 1977 1018 2019 Treviranus
1054 1978 1238 2028 (Verm.
1268 1979 1403 2019 Schr.
1431 1977 1470 2019 4.
1498 1976 1624 2028 181.)

271 2057 535 2117 ‘flavescentia
572 2069 670 2099 vero
712 2059 752 2098 et
796 2055 961 2098 humore
1005 2055 1195 2099 scatentia
1227 2056 1365 2113 utique
1404 2055 1627 2112 germinare

285 2133 393 2176 vidit.

392 2210 652 2262 Oxygeneum
679 2209 945 2251 necessarium
974 2221 1060 2248 esse
1085 2208 1134 2252 ad
1161 2209 1483 2261 germinationem
1509 2207 1624 2251 semi-

283 2300 379 2330 num
406 2290 446 2326 et
473 2287 630 2341 quidem
657 2299 907 2341 exygeneum
934 2298 1023 2327 eum
1052 2285 1262 2328 carbonico.
1298 2285 1457 2326 seminis
1483 2284 1624 2336 germis

285 2363 414 2407 nantis
442 2362 658 2405 combinari
686 2366 725 2402 et
755 2362 910 2403 acidum
946 2361 1200 2405 oarbonioum
1228 2362 1465 2404 constituere
1491 2360 1626 2402 multis

286 2439 562 2493 experimentis
591 2439 770 2480 evictum.
828 2439 911 2480 Gfr.
938 2438 979 2479 in
1012 2438 1149 2490 primis
1184 2440 1241 2479 de
1265 2439 1514 2479 Saussure
1538 2438 1624 2481 Re-

287 2517 477 2557 cherch.
507 2515 640 2557 ohim.
668 2529 697 2555 s.
727 2516 753 2558 l.
782 2511 937 2566 veget.
967 2515 1032 2555 oh.
1048 2513 1083 2557 1.
1114 2520 1197 2556 tum
1224 2528 1328 2556 nov-a
1356 2513 1625 2566 experimen-ta

285 2593 326 2635 in
343 2592 484 2649 quibus
496 2593 593 2636 vidit
608 2601 647 2635 et
666 2596 824 2635 azotum
837 2592 1040 2635 absorberi
1055 2591 1124 2645 (N.
1136 2590 1250 2634 Anu.
1266 2592 1303 2634 d.
1322 2604 1385 2633 so.
1401 2589 1627 2642 u.2.270.).
