1592 2924
842 140 898 180 22

202 257 291 283 cum
320 250 538 286 excernunt
573 249 696 300 magis
724 249 932 302 minusque
960 254 1140 291 tenacem
1169 256 1236 291 aut
1263 252 1387 292 instar
1415 257 1547 305 guttae

204 309 410 360 glandulae
439 312 728 354 incumbentem
764 320 831 355 aut
867 320 991 356 totam
1019 317 1244 369 glandulam
1273 319 1547 359 obducentem.

203 385 408 427 Fuscescit
434 401 517 428 non
544 403 636 430 raro
653 404 795 431 succus
835 394 947 449 unde
963 394 1170 446 glandulae
1186 399 1292 435 totae
1309 396 1547 435 fuscescunt.

205 463 408 504 Interdum
437 478 520 506 non
548 467 677 508 solum
707 469 920 521 capitulum
957 471 1027 511 sed
1056 485 1214 525 quoque
1242 473 1362 524 stipes
1389 485 1552 512 succum

205 541 385 581 excernit
411 546 456 581 ut
484 543 526 582 in
552 544 682 586 Rosis.

313 641 467 681 Multae
504 655 602 682 vero
639 644 883 684 secretiones
918 646 958 684 in
992 646 1138 698 plantis
1173 648 1322 700 absque
1357 647 1552 699 glandulis

204 717 471 769 perficiuntur,
500 720 557 759 sic
585 720 727 772 pruina
756 734 828 760 seu
855 722 1018 761 materia
1036 737 1198 763 cei-acea
1216 725 1256 763 in
1282 725 1405 775 caule,
1434 725 1551 772 foliis,

208 793 421 845 fructibus,
451 796 667 837 balsamum
695 798 735 836 in
762 798 943 849 gemmis,
971 804 1110 839 nectar
1138 800 1178 839 in
1206 801 1369 840 floribus
1398 806 1472 841 etc.
1501 825 1553 832 —

206 869 251 908 In
280 870 564 925 Cryptophytis
591 887 666 913 nec
694 887 776 914 non
802 875 954 915 Muscis
981 876 1189 928 glandulae
1224 878 1393 917 deficere
1420 878 1555 918 viden-

205 949 282 986 tur.
339 947 420 988 Gfr.
437 949 486 989 de
511 950 706 1001 glandulis
727 951 1059 993 Guettardum
1087 950 1250 1004 (Mem.
1280 955 1336 994 de
1363 953 1551 995 l’Acad.

205 1022 242 1062 d.
271 1035 333 1063 sc.
362 1024 556 1065 d-Paris
582 1026 700 1069 1745.
728 1042 765 1080 p.
782 1028 896 1078 263.)
916 1042 998 1084 ‘nee
1024 1043 1105 1070 non
1127 1031 1455 1071 Schrankium
1482 1033 1552 1082 (V.

206 1098 243 1138 d.
272 1099 681 1153 Nebengef‘assen
710 1105 746 1144 d.
766 1105 855 1144 Pfl.
884 1105 1126 1156 Ha1.1794.)
1154 1108 1221 1159 qui
1246 1121 1343 1148 vero
1372 1110 1422 1148 ad
1447 1109 1552 1160 glan-

206 1175 319 1216 dulas
347 1177 443 1218 alias
471 1182 607 1230 partes
637 1181 816 1221 referunt
834 1183 912 1222 huc
928 1196 1009 1222 non
1028 1183 1282 1234 pertinentes.

208 1341 317 1389 123.
387 1343 698 1391 Verrucae
737 1349 853 1392 sunt
882 1349 1319 1409 prominentiaein
1348 1348 1553 1412 superfi-

400 1431 473 1477 cie
506 1428 789 1494 plantarum
834 1448 861 1479 e
896 1431 1087 1481 cellulis
1130 1438 1432 1498 compositae
1463 1452 1554 1500 ag-

401 1520 648 1583 gregatis,
672 1535 872 1566 succum
901 1523 1157 1586 proprium
1181 1539 1280 1569 non
1302 1526 1552 1571 continen-

403 1609 477 1654 tes
511 1623 602 1653 nec
636 1611 970 1655 excernentes.

314 1747 573 1789 Verrucae
601 1762 755 1802 vagae
780 1754 873 1790 sunt
900 1753 1189 1802 prominentiae
1217 1753 1309 1794 hinc
1337 1753 1428 1793 inde
1445 1767 1556 1806 spar-

206 1836 284 1874 sae,
311 1837 393 1864 non
422 1826 477 1865 ita
503 1839 686 1878 magnae,
722 1827 956 1881 plerumque
989 1829 1232 1881 deplanatae.
1307 1831 1553 1883 Frequentes

205 1905 298 1941 sunt
326 1901 366 1941 in
395 1902 592 1952 caulibus,
630 1904 864 1955 praesertim
900 1906 1095 1955 arboreis,
1131 1907 1200 1946 ubi
1235 1907 1456 1948 lenticellas
1484 1921 1555 1948 vo—

206 1983 363 2028 carunt,
406 1980 454 2019 de
483 1979 625 2032 quibus
654 1993 775 2032 supra
802 1979 838 2035 §.
856 1981 921 2022 64.
951 1982 1099 2023 dictum
1128 1987 1197 2023 est.
1253 1985 1298 2023 In
1324 1985 1467 2036 pagina
1495 1985 1554 2024 in-

205 2055 352 2095 feriore
381 2056 570 2096 foliorum
610 2070 693 2097 non
729 2071 821 2098 raro
849 2059 1200 2110 deprehenduntur
1235 2073 1267 2100 e.
1295 2073 1331 2112 g.
1360 2060 1402 2099 in
1426 2061 1556 2112 Bego-

203 2132 299 2182 niis,
341 2132 548 2185 Saxifraga
574 2138 821 2175 sarmentosa
849 2135 1015 2188 aliisque
1046 2139 1086 2175 et
1113 2140 1207 2177 tuuc
1235 2137 1415 2176 stomatia
1441 2150 1555 2188 prae-

204 2209 342 2249 sertim
369 2211 516 2250 vehunt
543 2210 599 2266 (ξ.
622 2211 746 2263 121.)
802 2211 848 2250 In
876 2212 1068 2252 fructibus
1092 2217 1152 2252 sat
1166 2214 1408 2266 frequentes,
1436 2214 1556 2255 inter-

205 2286 299 2326 dum
325 2287 552 2327 maturitate
581 2289 737 2328 demum
767 2289 907 2328 exorti.
1202 2281 1205 2286 ’

312 2366 544 2415 Verucae
574 2377 864 2429 exquisitae
901 2390 982 2417 non
1009 2391 1168 2430 sparsae
1198 2384 1304 2428 sunt,
1340 2379 1411 2418 sed
1439 2391 1554 2430 regu-

205 2450 341 2490 lariter
369 2447 585 2503 dispositae
623 2454 791 2494 formam
816 2454 962 2494 habent
988 2455 1222 2509 plerumque
1247 2455 1553 2507 sphaeroideam‚

207 2534 246 2568 et
273 2527 431 2581 quidem
460 2534 600 2569 exacte
628 2529 851 2581 globosam,
879 2531 1144 2583 deplanatam,
1187 2535 1357 2581 acutam,
1385 2532 1553 2573 murica-

206 2610 297 2656 tam,
315 2610 408 2647 tum
427 2619 586 2659 quoque
612 2607 779 2647 formam
796 2607 1084 2660 planiusculam
1103 2609 1294 2658 referunt,
1325 2614 1365 2649 et
1394 2609 1552 2662 quidem
