1682 2938
918 132 974 175 90

272 248 338 283 aut
366 242 571 290 ternarius,
600 241 885 294 quaternarius,
913 244 1126 296 quinarius,
1157 245 1261 285 unde
1290 245 1475 287 habemus
1496 249 1615 288 flores

271 320 506 368 dimeros,
549 318 806 367 trimeros‚
859 324 1156 361 tetrameros
1200 327 1239 362 et
1282 328 1613 374 pentameros.

271 396 452 436 Binarius
480 408 678 445 numerus,
707 396 782 435 nisi
799 396 838 435 in
854 397 1116 448 Graminibus,
1146 400 1367 439 rarissimus
1396 405 1454 440 est
1482 405 1521 440 et
1550 403 1616 441 ad-

270 473 421 513 sentior
447 472 543 512 viris
569 473 836 513 celeberrimis
864 473 1097 514 Brownio
1128 480 1166 515 et
1192 477 1432 527 Kunthio,
1461 477 1501 517 in
1518 478 1615 518 Gra-

267 550 436 590 minibus
464 562 623 603 quoque
653 563 740 590 esse
768 562 976 590 numerum
1003 552 1217 591 ternarium
1245 553 1438 603 mutilum,
1469 560 1508 595 et
1537 560 1615 595 ter-

267 628 365 667 tium
401 627 582 667 deficere.
645 627 846 667 Numerus
886 628 1083 668 ternarius
1121 628 1163 668 in
1196 630 1493 682 Monocotyleis
1538 633 1615 672 sre-

267 700 392 757 quens
421 708 500 754 est,
538 704 812 756 quaternarius
840 705 1047 744 transitum
1075 706 1168 745 facit
1196 720 1219 745 a
1247 707 1421 748 ternario
1450 710 1499 748 ad
1528 709 1614 761 qui-

265 781 438 830 narium,
481 781 682 834 quinarius
718 794 814 822 vero
852 795 873 821 e
901 783 1057 822 binario
1094 788 1134 823 et
1161 784 1336 824 ternario
1366 786 1611 836 compositus

267 863 338 914 est.
393 858 573 911 Digyrus
610 858 712 898 enim
749 858 981 912 plerumque
1011 860 1224 909 invenitur,
1254 861 1361 913 quod
1389 875 1554 901 numero
1584 862 1611 914 ἒ

265 936 480 984 indicatur,
526 935 592 987 qui
620 948 808 982 numerus
837 936 877 975 in
914 937 1016 976 serie
1052 937 1268 987 invenitur,
1312 940 1425 990 eujus
1460 938 1611 979 indices

265 1017 356 1052 sunt
384 1012 411 1063 ὲ
440 1016 480 1050 et
507 1010 533 1062 ὲ
563 1010 762 1064 (§.110.).
818 1013 992 1063 Uterque
1020 1013 1118 1052 situs
1154 1028 1252 1054 vero
1286 1015 1338 1054 ita
1366 1017 1609 1067 compositus

263 1094 332 1128 aut
360 1087 494 1139 potius
519 1087 692 1126 dimotus
719 1091 794 1136 est,
838 1092 882 1126 ut
916 1088 1041 1140 figura
1068 1095 1291 1142 pentagona
1328 1093 1477 1132 evadat.
1533 1093 1609 1132 Ra-

262 1166 344 1205 rius
379 1177 538 1218 quoque
573 1163 647 1203 ista
679 1163 804 1214 figura
838 1163 878 1202 in
916 1165 1056 1204 eodem
1085 1167 1218 1206 existit
1244 1169 1383 1219 plano,
1425 1170 1496 1209 sed
1533 1171 1608 1209 tria

260 1242 396 1294 phylla
422 1241 656 1293 plerumque
685 1240 883 1280 exteriora
909 1245 1010 1291 sunt,
1047 1243 1126 1283 duo
1154 1244 1354 1286 interiora.
1408 1245 1607 1285 Numerus

261 1319 460 1370 senarius,
505 1317 754 1366 octonarius,
796 1317 991 1357 demarius
1021 1322 1095 1360 etc.
1135 1326 1226 1361 sunt
1262 1322 1606 1373 multiplicationes

261 1396 443 1445 ternarii,
472 1395 721 1448 quaternarii,
750 1393 933 1447 quinarii3
962 1407 1150 1437 numerus
1177 1399 1424 1450 septenarius
1453 1400 1607 1440 rarissi-

259 1485 346 1513 mus
365 1485 386 1512 e
402 1471 655 1525 quaternario
681 1476 720 1511 et
749 1471 924 1511 ternario
952 1471 1108 1512 videtur
1136 1475 1390 1526 compositus.
1446 1477 1508 1515 De
1535 1477 1606 1516 flo-

259 1550 378 1599 ribus,
406 1549 447 1588 in
476 1548 617 1600 quibus
644 1559 831 1586 numerus
858 1548 1085 1608 phyllorum
1112 1550 1308 1602 perigonii
1336 1555 1376 1591 et
1395 1552 1604 1592 staminum

258 1639 340 1667 non
370 1626 566 1674 convenit,
595 1625 697 1664 infra
725 1625 890 1674 dicetur,
917 1625 985 1664 ubi
1013 1626 1062 1666 de
1091 1627 1244 1666 corolla
1272 1640 1404 1668 sermo
1434 1628 1519 1668 erit.

366 1703 411 1743 Si
437 1703 512 1743 flos
539 1702 716 1742 luxuriat
743 1706 782 1742 et
810 1714 889 1741 una
917 1702 1090 1743 alterave
1117 1716 1211 1755 pars
1239 1703 1279 1743 in
1303 1705 1473 1757 quodam
1497 1718 1603 1759 gyro

257 1780 425 1829 additur,
453 1779 557 1819 idem
586 1783 837 1832 augmentum
866 1779 906 1817 in
935 1779 1116 1819 omnibus
1143 1780 1251 1831 gyris
1280 1782 1459 1822 accidere
1489 1783 1602 1832 solet,

257 1858 310 1898 ita
337 1862 381 1898 ut
408 1856 501 1911 gyri
528 1857 569 1896 in
597 1857 737 1897 eodem
768 1857 867 1895 flore
904 1855 1063 1895 isomeri
1096 1863 1365 1908 permaneant.
1430 1858 1474 1898 Si
1501 1872 1598 1898 vero

257 1948 336 1975 una
364 1934 536 1974 alterave
565 1946 656 1985 pars
683 1932 825 1981 deficit,
854 1932 926 1972 iste
955 1933 1131 1973 defectus
1146 1947 1228 1974 non
1255 1935 1296 1974 in
1325 1935 1505 1974 omnibus
1531 1948 1599 1987 gy·
1626 1950 1630 1953 ·

256 2011 312 2051 ris
341 2011 467 2062 repeti
493 2011 606 2050 solet.
636 2033 688 2042 —-
729 2009 890 2050 Additio
926 2023 1115 2062 gyrorum
1149 2012 1350 2052 luxurians
1379 2012 1419 2051 in
1448 2012 1599 2052 corolla

258 2093 298 2128 et
326 2088 557 2128 staminibus
586 2086 817 2140 plerumque
850 2088 1063 2128 subsistere
1096 2088 1210 2128 solet.

247 2231 364 2278 137,
444 2231 838 2293 Perigonium
882 2234 1075 2276 constat
1114 2246 1140 2277 e
1184 2226 1410 2293 partibus
1454 2227 1594 2277 folia-

450 2319 566 2377 ceis,
601 2318 813 2364 stamina
842 2316 1102 2382 pistillave‚
1137 2322 1222 2365 aut
1252 2320 1460 2382 utraque
1494 2319 1593 2364 cin-

447 2402 691 2467 gentibus.

363 2525 498 2565 Partes
533 2525 630 2564 istae
667 2526 873 2575 foliaoeae‚
920 2538 1020 2577 quae
1054 2525 1299 2577 perigonium
1337 2525 1590 2572 constituunt,

254 2602 429 2653 generali
470 2603 627 2642 nomine
665 2603 722 2653 ph
730 2602 837 2655 ylla
881 2602 1015 2642 vocari
1055 2606 1233 2653 possunt.
1306 2601 1386 2642 Aut
1421 2602 1590 2641 discreta
