1682 2938
891 93 974 136 152

265 203 445 244 colorato
489 202 733 255 (Pulsatilla)
773 208 813 243 et
856 205 1070 245 crinomate
1121 203 1303 257 (Tulipa)
1352 204 1439 243 fieri
1486 204 1599 245 solet.

264 281 374 320 Idem
415 293 574 334 quoque
614 281 656 321 in
699 281 852 321 corolla
886 281 1105 322 Lonicerae
1140 281 1329 333 Xylostei
1369 280 1467 321 vidit
1500 281 1526 320 J
1533 295 1602 321 ae-

266 369 412 409 gerus
453 358 500 407 (1.
530 371 564 397 c.
593 357 692 408 62).
744 358 791 397 In
832 359 1061 398 staminibus
1107 362 1146 398 et
1186 358 1299 409 stylis
1341 371 1423 397 non
1470 358 1604 398 obser-

266 438 400 473 vatum
434 434 603 486 reperio.
661 436 763 474 Tum
798 435 838 474 in
874 435 970 475 folia
1002 436 1125 488 magis
1158 435 1366 488 minusque
1399 438 1606 475 transeunt

266 511 377 551 floris
428 515 577 564 partes:
632 512 770 564 phylla
824 511 1052 552 crinomatis
1106 512 1293 563 (Tulipa‚
1339 511 1606 562 Colchicum);

267 588 402 639 calyx,
435 588 613 640 inprimis
642 588 677 628 si
709 588 964 639 hypanthium
992 590 1103 629 adest
1138 588 1283 639 (Rosa,
1313 589 1504 638 Gerasus)
1539 591 1607 628 aut

269 665 386 716 calyx
411 666 594 717 vaginam
621 665 725 705 sistit
753 665 985 716 (Paeonia),
1014 680 1088 706 nec
1115 666 1423 717 praetermittam
1452 665 1607 717 glumae

269 745 311 781 et
345 742 554 793 glumellae
594 741 828 793 praesertim
865 743 1027 794 hujusce
1068 743 1245 783 valvulas
1301 744 1403 792 (Poa
1443 743 1610 782 bulbosa
1652 749 1654 751 ’

270 818 439 870 crispa);
468 818 620 858 corolla
647 818 790 867 (Rosa,
821 819 1048 859 Cruciferae
1077 820 1286 873 quaedam,
1316 819 1502 871 Hesperis
1530 832 1610 858 ma-

270 895 478 946 tronalis);
515 895 682 936 stamina
710 894 878 946 (Rosa);
933 909 1093 947 germen
1119 896 1310 944 (Cerasus
1340 909 1429 935 cum
1458 895 1611 935 corolla

270 971 552 1023 multiplicata)
589 974 629 1011 et
662 972 800 1011 valvae
838 973 989 1012 fructus
1025 973 1066 1011 in
1093 973 1223 1012 Citris.
1278 972 1612 1025 Frequentissima

272 1052 332 1087 est
358 1049 566 1088 staminum
594 1048 758 1087 mutatio
784 1047 825 1085 in
841 1047 981 1098 petala,
1009 1061 1108 1100 quae
1134 1049 1179 1088 fit
1207 1062 1382 1100 expanso
1410 1049 1611 1088 filamento

274 1128 314 1164 et
338 1123 501 1174 lamina,
537 1137 608 1164 seu
633 1123 930 1173 connecticulo‚
967 1137 1044 1176 qua
1072 1125 1314 1175 expansione
1342 1130 1409 1165 aut
1435 1129 1518 1165 tota
1545 1138 1613 1164 an-

273 1201 387 1240 thera
414 1206 482 1241 aut
508 1202 692 1240 antherae
720 1199 844 1240 loculi
866 1200 1137 1240 absorbentur.
1193 1202 1335 1241 Rarior
1363 1206 1422 1242 est
1449 1202 1612 1242 mutatio

274 1278 460 1330 germinis
489 1278 530 1318 in
558 1278 742 1326 stamina,
780 1278 888 1330 quod
915 1277 955 1316 in
983 1278 1178 1319 Salicibus
1206 1279 1400 1319 interdum
1428 1279 1615 1330 occurrit,
1664 1314 1676 1330 s,

275 1354 317 1394 in
350 1355 492 1410 quibus
507 1355 601 1397 loco
618 1355 810 1396 seminum
828 1358 979 1395 stamen
1006 1359 1074 1395 aut
1101 1356 1265 1397 stamina
1292 1357 1371 1396 duo
1400 1361 1614 1409 emergunt.

384 1566 698 1607 Ecblastesis
727 1570 787 1606 est
816 1570 1032 1618 proventus
1059 1579 1298 1618 gemmarum
1327 1567 1369 1606 in
1394 1567 1513 1615 flore,
1550 1565 1618 1618 qui

277 1644 346 1681 aut
366 1642 618 1694 imperfectae
634 1648 840 1683 remanent
861 1648 928 1683 aut
954 1644 996 1683 in
1023 1645 1143 1683 fiores
1169 1649 1236 1683 aut
1263 1644 1304 1683 in
1333 1656 1483 1683 ramum
1512 1643 1619 1683 evol·
1679 1662 1681 1664 ·

276 1722 435 1758 vuntur.
492 1719 652 1760 Nomen
689 1721 736 1759 ab
774 1720 1113 1770 Engelmanno
1152 1721 1327 1759 mutuavi
1371 1721 1418 1770 (l.
1456 1734 1490 1760 c.
1518 1720 1618 1768 48.)

277 1795 404 1845 Hujus
428 1795 510 1835 loci
538 1801 598 1836 est
625 1796 941 1849 frequentissima
967 1796 1076 1836 floris
1103 1796 1327 1848 plenitudo,
1367 1798 1435 1837 ubi
1470 1799 1621 1838 scilicet

277 1872 399 1912 flores
430 1873 510 1912 duo
543 1873 729 1924 pluresve
766 1886 788 1912 e
823 1876 961 1912 centro
999 1873 1109 1912 floris
1138 1878 1352 1926 emergunt.
1407 1875 1620 1915 Rarissime

279 1949 456 2000 germine
485 1952 663 2001 perfecto
691 1950 931 1999 indicantur,
975 1950 1170 1989 interdum
1198 1951 1311 2002 stylis
1346 1951 1461 2001 solis,
1505 1952 1622 1992 raris-

281 2026 379 2066 sime
397 2027 534 2078 calyce
551 2033 590 2067 et
607 2032 700 2066 tunc
717 2027 785 2067 vix
807 2040 889 2067 non
906 2039 1063 2078 semper
1076 2026 1364 2076 mutilojamicti
1391 2033 1493 2068 sunt.
1520 2029 1624 2069 Nam

280 2107 326 2142 ut
362 2103 404 2142 in
439 2105 767 2155 praecedentibus
802 2117 960 2157 quoque
989 2104 1173 2154 vidimus,
1214 2105 1341 2144 rarius
1369 2106 1418 2144 ad
1446 2087 1623 2157 calycem

281 2181 467 2232 procedit
495 2181 732 2232 antholysis,
776 2186 895 2232 puto,
935 2181 1027 2233 quia
1061 2181 1145 2220 axis
1171 2182 1442 2233 prolongatio,
1479 2183 1623 2235 quippe

281 2270 382 2309 quae
410 2257 564 2296 initium
593 2262 652 2298 est
679 2258 953 2310 anssmlyseos,
998 2259 1100 2298 intra
1136 2259 1311 2311 calycem
1346 2260 1501 2299 demum
1528 2260 1625 2299 inci-

281 2333 349 2385 pit.
406 2333 579 2373 Germen
611 2349 635 2374 a
670 2336 900 2375 staminibus
945 2339 984 2374 et
1027 2335 1167 2387 petalis
1210 2336 1336 2376 auctis
1378 2337 1624 2376 absorbetur.

282 2409 547 2463 Dignoscitur'
570 2412 798 2452 ecblastesis
833 2414 977 2452 haecce
1011 2412 1244 2464 praesertim
1279 2413 1355 2451 situ
1389 2413 1624 2464 petalorum,

284 2501 385 2540 quae
411 2499 551 2527 versus
564 2488 681 2539 plura
698 2493 844 2539 centra,
871 2502 957 2538 nec,
985 2492 1030 2528 ut
1057 2489 1098 2527 in
1125 2489 1275 2540 plerosi
1301 2502 1460 2529 versum
1487 2503 1625 2528 unum-

285 2564 468 2618 idemque
497 2567 676 2605 centrum
705 2565 936 2617 diriguntur.
991 2566 1038 2605 In
1065 2566 1235 2607 Diantho
1253 2566 1521 2619 Caryophyllo
1549 2579 1624 2606 nec

1678 94 1682 183 ᾧ
