1682 2938
903 139 986 181 242

282 249 420 296 postea
453 245 680 296 aperiuntur
715 251 758 286 ut
802 247 994 299 pollinem
1033 249 1246 299 excipiant,
1291 255 1370 288 tum
1409 251 1613 302 eriguntur

282 322 527 373 (Epilobium
556 323 881 374 angustisolium).
937 325 1066 364 Multa
1094 326 1170 364 alia
1198 330 1312 364 acute
1348 327 1614 366 animadversa

283 398 457 450 reperies
508 399 546 438 in
592 401 720 440 Diss.
766 402 821 441 de
873 403 1197 452 generatione
1251 404 1614 453 vegetabilium.

282 479 406 514 auct.
434 475 484 515 N.
515 476 562 516 G.
592 478 768 526 Leske,
797 478 900 528 Lips.
931 477 1047 518 1773.
1076 477 1115 517 4.

284 574 390 622 145.
455 575 495 621 F
508 591 534 622 e
546 592 654 622 cun
666 574 696 622 d
710 577 829 623 atio
855 574 909 623 fit
931 593 1020 639 per
1036 574 1253 624 canalem
1272 579 1615 640 stigmaticum.

393 672 534 712 Variae
571 674 730 713 fuerunt
765 675 969 725 opiniones
1003 675 1220 714 Auctorum
1258 677 1305 716 de
1343 676 1617 716 secundatione

284 748 504 799 plantarum
530 755 738 802 postquam
768 751 1008 790 functionem
1026 752 1183 802 pollinis
1212 757 1250 792 et
1281 753 1470 804 stigmatis
1499 766 1616 804 agno-

285 830 437 864 verunt.
492 827 536 864 In
570 827 733 865 humore
769 827 958 877 pollinem
993 829 1121 879 rumpi
1149 830 1310 880 jamjam
1346 830 1440 868 vidit
1467 830 1506 868 N
1515 831 1618 868 eed-

285 902 446 941 hamus
482 903 716 951 (Deconv.
745 904 1042 954 microscop.
1069 918 1106 955 p.
1127 904 1192 944 83.
1224 909 1251 944 t.
1275 905 1311 944 5.
1343 907 1368 945 f.
1387 906 1445 956 5.)
1482 912 1519 945 et
1553 920 1618 945 au-

284 990 367 1017 ram
404 978 630 1017 seminalem
665 979 755 1017 inde
799 980 958 1030 explodi
992 980 1152 1032 putavit.
1224 984 1349 1033 Quam
1394 983 1618 1033 opinionem

285 1058 473 1106 quantum
500 1054 634 1103 video,
677 1056 875 1106 adoptavit
903 1056 1160 1095 Linnaeus.
1230 1059 1331 1096 Tum
1358 1071 1453 1097 vero
1483 1059 1620 1097 Koel-

286 1135 515 1169 reuterus
550 1131 751 1170 materiam
786 1133 1059 1172 fecundantem
1098 1145 1184 1172 esse
1224 1133 1356 1172 oleum
1394 1135 1619 1182 adfirmavit,

288 1211 326 1246 et
354 1207 517 1259 granula
551 1207 710 1258 pollinis
751 1221 833 1248 non
868 1222 958 1248 raro
995 1210 1171 1260 conspici
1210 1210 1342 1249 oleum
1379 1210 1417 1249 in
1445 1211 1619 1261 stigmate

287 1284 512 1324 emittentia.
592 1284 734 1324 Oleum
777 1299 798 1324 e
840 1286 990 1337 polline
1030 1287 1250 1327 luculenter
1293 1291 1493 1326 excretum
1542 1300 1621 1327 non

286 1361 402 1412 plane
430 1361 536 1400 iners
566 1373 653 1400 esse
682 1361 723 1400 in
750 1362 1026 1403 secundatione
1056 1369 1096 1402 et
1122 1377 1228 1403 nunc
1257 1377 1339 1403 non
1366 1363 1513 1403 dubito.

395 1438 602 1477 Materiam
631 1438 907 1477 fecundantem
941 1452 1014 1489 per
1051 1440 1382 1491 micropylen‚
1419 1441 1460 1479 in
1488 1453 1622 1479 semen

286 1518 493 1565 penetrare
520 1514 771 1565 Turpinus
802 1519 941 1554 auctor
969 1520 1027 1554 cst
1053 1515 1199 1563 (Ann.
1229 1517 1264 1555 d.
1294 1516 1413 1556 Mus.
1444 1518 1479 1557 7.
1501 1516 1621 1566 199.)

287 1592 387 1630 Cum
415 1603 512 1630 vero
541 1604 624 1630 rem
646 1591 698 1630 ita
716 1592 981 1642 proposuerit,
1010 1606 1055 1630 ac
1072 1592 1105 1630 si
1124 1593 1335 1633 fasciculus
1364 1607 1546 1633 vasorum
1575 1595 1624 1633 ad

287 1668 387 1706 hanc
423 1668 536 1706 abeat
574 1672 795 1718 aperturam
840 1673 879 1706 et
914 1669 1073 1707 materia
1118 1670 1332 1710 fecundans
1374 1685 1446 1721 per
1487 1672 1623 1710 eadem

289 1756 382 1784 vasa
409 1748 601 1792 transeat,
643 1757 714 1795 per
742 1757 842 1795 quae
870 1745 964 1783 alias
992 1745 1248 1794 nutrimenta,
1277 1748 1505 1798 hypothesis
1535 1750 1622 1798 reji-

288 1820 428 1860 cienda
454 1824 548 1859 erat.
606 1820 803 1860 Dividitur
828 1821 1030 1860 *interdum
1058 1822 1254 1861 funiculus
1282 1824 1530 1874 umbilicalis,
1560 1827 1622 1873 ita,

288 1900 332 1935 ut
358 1908 448 1947 pars
470 1896 659 1935 aliorsum
686 1897 892 1945 inseratur,
916 1898 1023 1949 quod
1052 1898 1091 1936 in
1119 1911 1294 1957 errorem
1323 1899 1508 1939 inducere
1538 1907 1622 1952 pot-

290 1977 349 2012 est
377 1977 417 2011 et
445 1973 624 2012 fortassis
654 1973 781 2024 ipsum
810 1975 1024 2013 Auctorem
1054 1974 1201 2014 fefellit.

398 2050 498 2087 Tum
526 2062 623 2088 vero
651 2050 697 2090 R.
725 2050 984 2089 Brownius
1020 2051 1206 2099 (Verm.
1235 2053 1369 2092 Schr.
1399 2053 1437 2092 4.
1466 2055 1552 2103 83.)
1582 2056 1622 2094 in

290 2125 410 2164 ovulo
437 2125 660 2177 plantarum
688 2132 778 2165 ante
807 2127 1120 2166 secundationem
1150 2128 1344 2168 orificium
1372 2131 1529 2179 detexit,
1558 2133 1621 2171 cui

285 2213 442 2252 semper
484 2203 709 2254 embryonis
751 2216 850 2254 apex
897 2203 1100 2254 oppositus
1145 2210 1214 2244 est.
1283 2207 1489 2246 Detexisse
1531 2209 1620 2248 dico

286 2290 376 2318 cum
414 2278 572 2329 quidem
607 2280 874 2330 Turpinus‚
915 2293 989 2318 nec
1032 2281 1158 2320 minus
1188 2281 1300 2333 Aug.
1330 2283 1392 2321 St.
1428 2284 1620 2324 Hilaire

286 2354 534 2405 micropylen
561 2355 751 2404 viderint,
793 2357 862 2394 sed
901 2356 1124 2396 cicatricem
1153 2358 1327 2397 fasciculi
1355 2372 1535 2399 vasorum
1565 2362 1619 2400 di-

287 2434 449 2479 xerunt,
506 2426 622 2483 quem
678 2433 795 2483 igitur
850 2432 1081 2472 fasciculum
1114 2427 1397 2482 *obscurantem
1453 2437 1618 2476 removit

285 2506 559 2548 Brownius.
624 2508 855 2548 Genituram
890 2522 964 2560 per
998 2509 1074 2549 hoc
1101 2510 1292 2551 orificium
1322 2511 1361 2550 in
1390 2525 1523 2563 semen
1550 2527 1616 2564 pe-

285 2568 441 2624 netrare
468 2583 619 2624 Auctor
650 2585 921 2636 sagacissimus
948 2586 1109 2636 putavit.
