1682 2938
909 134 991 176 226

285 246 461 296 Majores
488 243 703 285 minoribus
731 257 811 284 non
839 258 930 284 raro
959 245 1157 285 immixtae
1173 249 1281 287 sunt:
1311 246 1562 297 longissimae
1580 249 1618 287 in

284 322 396 374 apice
426 321 566 373 stigma
592 322 762 362 reddunt
774 322 1087 373 penicillisorme‚
1116 323 1154 361 iu
1173 323 1358 361 lateribus
1386 323 1618 374 plumosum.

284 398 521 451 Saepissime
548 399 722 451 granulis
751 404 811 439 sat
839 400 988 450 magnis
1018 401 1149 439 foetae
1177 400 1443 451 reperiuntur,
1479 404 1518 439 et
1543 400 1621 439 vidi

285 476 326 515 in
353 475 534 516 omnibus
560 475 718 527 papillis
745 476 933 527 stigmatis
958 477 1123 528 Tulipae
1151 476 1436 516 saeaveolentis
1460 477 1622 527 granula

284 553 324 592 in
350 552 436 592 basi
463 552 676 593 constituta
702 553 831 592 subito
875 554 925 593 ad
958 554 1110 605 apicem
1143 567 1270 606 usque
1297 553 1464 592 transire
1491 553 1621 605 ibique

283 629 509 681 persistere.
544 629 658 670 ‘Non
692 642 782 669 raro
817 644 919 682 apex
954 631 1182 682 pyriformis
1210 631 1366 683 liquore
1394 631 1551 670 turbido
1581 631 1619 670 in

283 706 447 746 formam
475 706 629 746 ovalem
657 707 825 747 collecto
853 707 1026 759 repletus
1055 707 1238 747 cernitur.

390 804 607 857 Singularis
630 805 780 845 formae
810 809 871 845 est
898 805 1024 857 stylus
1053 805 1293 846 lanceolatus
1324 819 1412 845 cum
1441 806 1621 857 stigmate

284 894 365 921 non
400 881 575 933 discreto
616 881 658 921 in
694 882 847 931 Canna,
889 882 1031 934 pagina
1077 883 1264 922 inferiore
1305 883 1494 934 pollinem
1528 884 1620 922 hau-

282 958 408 1005 riens3
444 957 571 1009 stylus
599 958 818 1010 tripartitus
846 971 1016 1010 superne
1042 958 1288 1010 petaloideus
1320 959 1448 1007 Ireos,
1476 959 1538 999 sui
1564 959 1621 998 in*

282 1035 393 1074 ferne
428 1035 568 1086 stigma
603 1034 807 1084 adnatum,
849 1034 1025 1074 canalem
1053 1035 1313 1086 stigmaticum
1348 1035 1449 1075 inter
1475 1036 1621 1087 stylum

281 1111 499 1163 stigmaque
526 1111 753 1158 admittens3
775 1110 901 1162 stylus
917 1124 1006 1150 cum
1022 1111 1200 1163 stigmate
1224 1111 1458 1151 lacinulatus
1473 1112 1619 1157 Ricini;

280 1188 407 1240 stylus
435 1199 626 1244 carnosus
654 1187 928 1239 quinquefidus
957 1191 1068 1227 extra
1109 1192 1148 1228 et
1183 1189 1285 1228 intus
1322 1189 1515 1228 obductus
1543 1189 1622 1228 cel-

281 1264 374 1304 lulis
413 1263 662 1316 subglobosis
705 1275 787 1303 non
832 1264 1131 1304 cohaerentibus
1166 1279 1239 1317 per
1277 1270 1405 1305 totum
1447 1265 1621 1304 canalem

211 1350 213 1352 ’
281 1340 545 1394 stigmaticum
578 1341 628 1380 ad
662 1340 782 1381 ovula
815 1353 942 1393 usque
979 1342 1285 1391 transeuntibus,
1324 1343 1364 1381 in
1393 1341 1623 1381 Cucurbita-

282 1418 383 1466 ceis;
410 1418 549 1469 stigma
575 1417 804 1457 columnare
831 1415 948 1457 Asari
977 1421 1016 1458 et
1044 1418 1120 1458 alia
1147 1418 1382 1470 hujusmodi.

390 1516 467 1556 Pili
500 1528 619 1568 saepe
646 1516 805 1567 papillis
834 1515 1000 1555 immixti
1028 1520 1137 1567 sunt,
1175 1530 1293 1569 saepe
1329 1516 1507 1568 appositi.
1557 1516 1623 1568 ¹In-

281 1593 436 1633 terdum
464 1593 616 1650 viscum
644 1606 784 1644 magna
812 1593 928 1644 copia
957 1594 1076 1642 adest,
1104 1598 1148 1633 ut
1169 1594 1381 1645 splendens
1408 1593 1460 1632 sit
1486 1605 1622 1644 super-

279 1669 398 1719 ficies,
427 1670 623 1709 interdum
652 1670 783 1709 minor
811 1671 926 1721 copia
954 1670 1164 1710 invenit-ur.

389 1756 589 1796 Canalis
618 1757 934 1808 stigmaticus
971 1761 1038 1796 aut
1073 1761 1233 1807 apertus
1271 1761 1331 1795 est
1358 1761 1426 1796 aut
1452 1757 1620 1796 clausus

278 1833 450 1886 Apertus
483 1833 641 1884 papillis
676 1833 716 1872 in
750 1833 961 1884 parietibus
997 1832 1149 1872 obsitus
1186 1836 1225 1871 et
1259 1832 1404 1872 tubulis
1442 1833 1622 1884 granosis

279 1910 453 1962 repletus
480 1909 715 1961 praesertim
742 1914 834 1961 post
861 1909 1197 1958 secundationem‚
1240 1909 1288 1947 de
1326 1909 1467 1961 quibus
1501 1921 1622 1960 supra

279 1987 459 2026 diximus.
515 1985 608 2026 Non
635 1987 764 2026 minus
793 2000 950 2039 quoque
985 1986 1110 2026 tubuli
1147 1986 1297 2025 mucosi
1325 1985 1491 2025 immixti
1518 1990 1620 2033 sunt,

279 2063 328 2102 de
357 2062 498 2115 quibus
527 2064 666 2103 eodem
707 2063 799 2103 loco
829 2064 976 2102 dictum
1006 2067 1078 2102 est.
1135 2063 1301 2113 Semper
1333 2062 1373 2101 in
1409 2062 1520 2113 apice
1552 2061 1622 2100 ali-

279 2139 509 2192 quantulum
537 2140 626 2190 hiat,
656 2153 889 2193 quamquam
914 2153 1053 2192 parum
1080 2139 1349 2189 (Cruciferae)
1378 2151 1497 2190 saepe
1523 2150 1620 2179 vero

277 2229 350 2267 per
377 2219 505 2255 totum
533 2217 680 2268 stylum
715 2217 856 2257 transit
893 2221 933 2256 et
960 2216 993 2255 si
1020 2229 1182 2267 germen
1210 2215 1397 2267 parietale
1433 2215 1551 2255 fuerit
1580 2214 1620 2254 in

276 2305 437 2344 germen
463 2296 645 2344 penetrat
670 2306 795 2346 usque
822 2293 872 2332 ad
888 2292 1037 2332 semina
1053 2292 1327 2342 (Orchideae),
1354 2292 1500 2331 sivero
1529 2303 1620 2330 cen-

276 2368 375 2408 trale
408 2369 458 2408 ad
492 2369 645 2420 apicem
678 2370 863 2420 germinis
898 2382 1022 2422 usque
1059 2367 1354 2421 (Gampanula).
1419 2367 1619 2407 Interdum

275 2445 348 2485 sub
390 2428 511 2497 apice¹
544 2445 637 2496 styli
673 2446 831 2486 clausus
869 2451 930 2486 est
969 2450 1052 2486 tum
1086 2458 1181 2486 vero
1222 2445 1364 2485 iterum
1392 2448 1549 2496 apertus
1578 2448 1618 2483 et

273 2521 432 2573 papillis
476 2520 626 2561 obsitus
667 2527 711 2561 ut
756 2523 795 2562 in
841 2523 1070 2563 Berberide.
1153 2522 1320 2562 Clausus
1364 2526 1425 2561 est
1470 2519 1614 2560 canalis
1658 2537 1661 2539 “

272 2597 515 2650 stigmaticus
540 2597 771 2651 plerumque
798 2600 1099 2650 parenchymate
1125 2597 1279 2645 stricto,
1316 2597 1470 2637 cellulis
1505 2608 1618 2647 spar-
