1682 2938
883 141 965 185 194

363 253 524 293 Variam
540 264 629 294 esse
644 253 809 294 formam
827 253 1082 306 granulorum
1106 250 1269 303 pollinis
1284 252 1324 291 in
1340 263 1420 291 una
1447 252 1600 292 eadem-

256 343 333 383 que
368 329 503 382 planta
538 330 641 370 idem
668 330 890 370 Mohlius
926 329 1163 370 observavit.
1226 329 1294 369 Sic
1330 329 1371 368 in
1399 328 1600 380 Hyperico

254 408 457 460 perforato
495 407 570 446 alia
605 406 771 459 granula
804 408 970 447 formam
1000 411 1231 446 consuetam
1266 406 1509 445 trisulcatam
1535 406 1601 446 ha-

255 485 362 534 bent,
391 483 469 524 alia
491 497 589 524 vero
616 484 659 523 in
684 496 797 524 areas
825 488 998 537 quatuor
1025 496 1049 522 a
1074 483 1170 535 polo
1199 484 1248 522 ad
1275 482 1414 535 polum
1443 482 1603 522 distinc-

259 565 339 600 tam
363 561 631 600 membranam
659 565 862 600 externam
890 561 1115 601 ostendunt.

363 660 491 699 Valde
517 659 728 712 singularis
756 673 853 700 vero
884 664 944 700 est
970 659 1108 712 pollen
1134 658 1293 698 Mimuli
1320 658 1525 707 moschati,
1560 658 1602 697 in

254 750 335 789 quo
363 737 613 776 membranae
643 735 852 776 exterioris
881 737 975 777 stria
1002 749 1072 776 seu
1100 736 1233 788 potius
1261 736 1377 788 plaga
1403 735 1533 786 spirae
1561 735 1602 774 in

256 814 418 854 modum
445 813 652 865 granulum
680 813 811 865 cingit.

366 907 543 946 Granula
576 905 725 958 plicata
758 906 926 945 formam
959 905 1104 945 habent
1146 904 1381 957 plerumque
1426 904 1601 956 ellipsoi-

254 984 379 1033 deam,
406 996 508 1035 quae
536 982 660 1034 magis
687 983 897 1034 minusque
926 982 1079 1022 accedit
1094 982 1144 1022 ad
1164 981 1377 1033 globosam,
1405 981 1601 1022 interdum

256 1059 570 1100 extremitatibus
598 1058 740 1099 retusis
768 1058 1013 1099 observatur.

363 1152 567 1192 Interdum
594 1163 692 1191 vero
721 1150 885 1203 granula
911 1149 1072 1202 pollinis
1099 1151 1220 1191 nullis
1249 1151 1389 1200 sulcis,
1425 1151 1495 1190 sed
1522 1163 1602 1202 po-

255 1230 326 1270 ris
361 1229 434 1269 sic
468 1228 621 1268 dictis
655 1227 840 1280 insignita
867 1232 978 1277 sunt,
1020 1241 1093 1268 seu
1120 1228 1241 1277 locis,
1283 1228 1350 1267 ubi
1377 1228 1604 1267 membrana

255 1305 415 1346 tenuior
442 1309 519 1354 est,
564 1318 682 1358 quam
717 1304 759 1344 in
794 1304 948 1358 reliqua
983 1305 1206 1358 superficie.
1263 1305 1366 1345 Sunt
1390 1317 1488 1345 vero
1517 1317 1604 1356 gra-

253 1383 349 1423 nula
375 1395 670 1434 monopora,
714 1381 774 1421 uti
809 1382 1032 1422 unisulcata
1068 1382 1108 1422 in
1143 1381 1457 1434 Monocotyleis‚
1491 1394 1603 1433 prae-

253 1460 388 1500 sertim
416 1460 639 1500 Gramineis
668 1459 925 1511 reperiunda,
963 1459 1042 1510 dip
1055 1472 1140 1499 ora
1174 1459 1302 1499 rarius
1340 1459 1601 1508 occurrentia,

253 1538 295 1577 in
323 1537 522 1578 Colchicis
552 1537 778 1585 observata,
808 1537 966 1575 tandem
994 1536 1058 1575 tri
1067 1549 1211 1588 pora,
1239 1549 1340 1589 quae
1369 1535 1604 1589 frequentis·

253 1614 369 1663 sima,
402 1614 511 1665 poris
544 1614 743 1653 interdum
770 1613 939 1652 minimis
967 1614 1102 1653 areola
1131 1613 1289 1662 cinctis,
1316 1618 1362 1653 ut
1391 1612 1432 1652 in
1460 1611 1602 1660 Urtica,

254 1691 394 1730 Betula
421 1691 528 1740 alba,
566 1695 650 1730 tum
676 1690 915 1739 verrucatis,
960 1691 1187 1730 membrana
1221 1689 1376 1730 scilicet
1402 1690 1554 1729 interna
1581 1701 1604 1728 e

254 1766 365 1820 poris
394 1771 618 1819 emergente
648 1766 870 1815 instructis,
913 1770 956 1805 ut
983 1766 1024 1805 in
1052 1767 1227 1805 Lantana
1254 1767 1453 1815 aculeata,
1492 1767 1605 1805 Cam-

255 1844 403 1896 panula
429 1844 619 1884 Medium.
686 1844 815 1896 Saepe
841 1856 939 1883 vero
976 1847 1058 1882 tres
1094 1855 1285 1882 verrucae
1311 1856 1436 1894 poros
1465 1843 1604 1882 admit-

255 1924 343 1960 tunt
371 1920 411 1959 in
429 1921 658 1973 Onagrariis
688 1919 948 1972 conspicuos,
985 1920 1091 1959 unde
1119 1918 1379 1971 triangulares
1403 1923 1604 1971 apparent.

257 1997 324 2037 Sic
361 2010 521 2050 quoque
550 1998 591 2037 in
626 1996 852 2037 Proteaceis
890 1999 1118 2036 constructa
1146 2000 1255 2045 sunt,
1293 1996 1471 2035 verrucis
1507 2008 1604 2035 vero

255 2073 484 2113 minoribus.
561 2074 737 2113 Granula
778 2077 1042 2125 tetrapora
1075 2085 1157 2112 non
1201 2072 1330 2111 minus
1372 2073 1524 2112 rariora
1558 2086 1605 2112 ac

257 2150 552 2202 quadrisulcata
589 2155 681 2190 sunt
720 2157 759 2190 et
800 2151 944 2190 habent
971 2162 1094 2202 poros
1130 2150 1171 2188 in
1206 2154 1422 2202 aequatore
1450 2149 1605 2200 positos

255 2227 521 2278 (Campanula
547 2227 837 2278 rotundiffilia),
871 2230 938 2266 aut
966 2231 1077 2266 extra
1105 2231 1361 2279 aequatorem
1388 2226 1538 2278 positos
1565 2226 1606 2264 in

255 2302 423 2355 granulo
448 2303 701 2355 cylindraceo
717 2305 976 2344 Balsaminae.
1016 2305 1193 2344 Tandem
1221 2304 1474 2356 polypora
1502 2306 1606 2351 sunt,

254 2380 367 2433 poris
409 2380 450 2419 in
478 2386 695 2433 aequatore
731 2382 873 2434 positis
909 2386 954 2421 ut
981 2382 1022 2420 in
1050 2380 1176 2430 Alno‚
1218 2381 1354 2428 Ulmo,
1396 2384 1464 2419 aut
1493 2383 1606 2419 extra

256 2460 511 2510 aequatorem
538 2458 609 2496 sed
636 2458 872 2510 regulariter
898 2458 1048 2510 positis,
1077 2466 1122 2496 ut
1150 2457 1190 2496 in
1219 2456 1409 2508 Corydali
1435 2455 1605 2506 (cubicis

256 2535 298 2574 in
325 2533 488 2574 Busella
514 2534 633 2584 alba),
662 2540 729 2574 aut
753 2535 910 2574 tandem
939 2534 1207 2586 irregulariter
1233 2533 1387 2584 positis,
1415 2536 1460 2572 ut
1487 2533 1527 2571 in
1543 2532 1605 2570 Si-

253 2609 355 2651 lene.
412 2611 501 2651 Huc
528 2624 687 2664 quoque
715 2612 857 2652 referri
885 2615 1069 2664 possunt,
1098 2611 1262 2663 granula
1289 2607 1483 2651 aculeolis
1511 2621 1602 2660 per-
