1682 2938
881 131 962 174 102

254 243 356 282 tivas
383 254 596 282 nervorum
631 242 673 281 in
706 242 848 297 calyce
883 243 1133 282 Labiatarum
1166 243 1260 282 fecit
1293 242 1603 284 Griesselich
1676 261 1682 280 Ἀ

258 318 297 356 in
326 317 553 370 Geiger’s
578 319 702 371 Mag.
732 321 758 359 f.
787 321 1036 365 Pharmac.
1065 319 1131 360 36.
1164 316 1254 359 113.

367 467 495 520 Calyx
532 469 724 509 corollam
758 470 878 522 vulgo
911 474 1019 510 arcte
1056 470 1324 521 amplectitur,
1368 470 1436 522 qui
1473 471 1606 510 clau-

259 556 326 583 sus
355 550 539 594 vocatur,
569 559 659 585 cum
687 548 884 598 patenti
912 548 1139 599 opponitur.
1196 545 1324 598 Calyx
1353 548 1606 599 polyphyllus

260 621 377 661 facile
404 626 527 673 patet,
556 623 598 662 in
626 624 886 676 monophyllo
915 624 1043 663 rarius
1073 625 1346 670 observamus3
1382 624 1608 664 Rhodochi-

260 702 330 738 ton
357 712 456 740 vero
485 700 659 740 notabile
687 702 852 752 praebet
879 701 1114 752 exemplum.

367 849 496 901 Calyx
529 861 647 902 saepe
681 851 841 890 brevior
877 857 935 890 est
975 850 1148 899 corolla,
1193 851 1285 889 dum
1320 851 1437 889 floret
1463 851 1609 902 planta,

1679 281 1682 373 ἶ

1677 431 1682 489 4

257 929 346 965 ante
373 927 663 967 florescentiam
690 928 860 979 longior,
889 916 1245 979 cor'ollamjtegens.
1274 928 1319 966 In
1338 927 1475 978 calyce
1505 940 1610 967 aes·
1680 974 1681 977 Ἴ

263 1001 444 1042 tivatio
485 1004 724 1043 collateralis
762 1004 1031 1056 vulgatissima
1072 1009 1150 1054 est,
1193 1005 1434 1055 amplectens
1471 1001 1610 1055 rarior,

263 1079 440 1118 occurrit
466 1085 598 1119 tamen
627 1081 668 1119 in
689 1081 882 1129 Labiatis,
916 1085 1138 1120 contortam
1165 1081 1301 1121 videre
1328 1095 1410 1120 non
1438 1082 1608 1121 memini.
1680 1075 1681 1081 ¹

374 1234 502 1286 Calyx
530 1239 597 1274 aut
624 1235 665 1274 in
693 1235 958 1287 explicatione
986 1234 1096 1274 floris
1125 1234 1289 1283 decidit,
1329 1250 1362 1274 c.
1400 1236 1611 1275 caducus

261 1311 499 1362 (Papaver)‚
535 1317 603 1351 aut
638 1326 728 1352 cum
764 1312 918 1352 corolla
952 1311 1252 1360 staminibusve,
1292 1325 1325 1351 c.
1355 1313 1612 1363 deciduus,

265 1392 334 1426 aut
361 1388 538 1439 persistit
563 1394 607 1428 ⁴et
635 1389 793 1442 quidem
821 1389 1056 1441 plerumque
1085 1401 1355 1438 marcescens,
1391 1389 1519 1429 rarius
1546 1403 1613 1430 ve-

262 1469 376 1516 getus
419 1470 626 1516 permanet
668 1466 871 1517 (Digitalis
907 1465 1087 1518 aliique).
1160 1465 1333 1514 Decidit,
1378 1480 1614 1519 quamquam

264 1543 374 1582 nulla
394 1542 445 1581 sit
469 1543 688 1582 differentia
716 1543 821 1582 inter
849 1543 1015 1582 cellulas
1043 1541 1227 1593 pedicelli
1257 1546 1296 1581 et
1322 1543 1426 1582 basis
1455 1544 1613 1595 calycis‚

262 1624 362 1659 teste
390 1620 595 1671 Raphano.

371 1771 515 1809 Variae
553 1782 650 1809 vero
688 1773 781 1808 sunt
808 1769 1049 1808 mutationes
1078 1769 1425 1820 anamorphoticae
1454 1770 1612 1822 calycis.

261 1847 464 1886 Interdum
493 1850 677 1898 augetur,
714 1846 918 1886 coloratur
947 1850 986 1885 et
1014 1846 1170 1885 inflatus
1198 1846 1242 1885 fit
1269 1846 1506 1898 (Physalis);
1548 1860 1615 1887 au-

262 1929 406 1978 gentur
417 1923 554 1977 phylla
572 1928 611 1963 et
619 1924 880 1963 reflectuntur
893 1922 1080 1974 (Trifolia
1095 1923 1319 1976 quaedam),
1339 1928 1406 1963 aut
1424 1924 1615 1976 quaedam

260 2003 396 2054 phylla
424 2006 575 2041 tantum
603 2001 831 2040 increscunt
858 2000 1101 2052 (Atriplex);
1131 2013 1221 2051 pars
1246 2000 1430 2051 superior
1449 2001 1616 2040 circum-

261 2081 384 2120 scissa
413 2079 568 2128 decidit,
596 2079 763 2118 inferior
792 2078 968 2130 persistit
995 2078 1178 2127 (natura,
1206 2076 1504 2127 Calycotome);
1532 2090 1616 2117 non

261 2170 353 2197 raro
382 2155 516 2196 mollis
545 2159 586 2195 et
613 2156 800 2195 baccatus
827 2155 885 2205 fit,
918 2159 986 2194 aut
1014 2158 1120 2193 totus
1150 2153 1338 2204 (Blitum)
1369 2158 1436 2193 aut
1462 2155 1614 2206 hypan-

261 2234 386 2274 thium
422 2238 575 2273 tantum
612 2233 782 2283 (Rosa);
831 2231 1034 2272 contrario
1069 2231 1190 2271 modo
1227 2231 1462 2280 indurescit,
1503 2231 1617 2270 utin
1640 2244 1649 2254 ·

261 2310 422 2351 Poterio
451 2310 629 2361 aliisque.

372 2459 739 2511 Anamorphosi
776 2472 871 2499 vera
908 2432 1055 2510 calycis
1089 2457 1226 2510 phylla
1262 2457 1304 2496 in
1339 2456 1501 2496 lacinias
1528 2456 1616 2508 pili-

263 2540 410 2579 formes
438 2541 644 2578 transeunt
673 2542 714 2576 et
738 2549 953 2589 pappum
989 2535 1152 2585 sistunt,
1202 2535 1242 2573 in
1271 2534 1511 2585 Syngenesis
1539 2534 1616 2571 fre-

261 2619 457 2669 quentem.
513 2615 690 2666 Pappum
720 2627 742 2653 e
772 2614 862 2664 pilis
891 2626 974 2653 non
1006 2616 1190 2653 constare
1227 2611 1370 2662 probat
1397 2611 1615 2649 microsco-
