1682 2938
891 136 977 180 348

372 246 512 286 Planta
551 247 786 298 perennis
830 248 1039 300 quotannis
1082 260 1230 288 novum
1266 249 1420 290 caulem
1453 253 1607 302 profert

262 336 352 363 cum
380 323 505 372 foliis,
548 324 811 376 floribusque,
852 324 993 376 hyeme
1023 329 1090 364 aut
1118 325 1159 366 in
1187 325 1413 377 regionibus
1443 329 1607 380 tropicis

259 404 491 452 tempestate
519 400 625 440 sicca
649 404 915 452 pereuntem„
949 401 1083 441 Primo
1112 414 1217 441 anno
1247 415 1329 442 non
1362 404 1496 454 floret,
1536 407 1608 445 sed

258 477 417 516 tandem
444 477 588 526 altero,
616 476 756 527 tertio,
794 481 934 530 quarto
963 482 1036 517 etc.
1093 478 1176 518 Sub
1206 483 1312 518 terra
1339 481 1514 531 persistit
1540 486 1608 523 aut

258 554 412 603 radice,
446 558 514 594 aut
540 553 777 603 rhizomate‚
815 558 883 594 aut
917 567 1072 605 coi-mo,
1115 559 1182 594 aut
1209 556 1422 598 tuberibus.
1476 559 1605 599 Radix

257 631 445 683 primaria
470 644 544 683 per
570 630 707 682 plures
736 643 937 682 paucosve
966 644 1090 671 annos
1105 632 1292 683 persistit,
1322 635 1429 686 quod
1455 635 1497 674 in
1525 635 1607 675 cul-

255 711 346 746 tura
379 708 603 759 plantarum
639 720 721 747 non
754 707 868 758 parvi
894 708 1082 748 momenti
1110 712 1188 758 est,
1230 715 1473 761 propagatur
1506 724 1603 752 vero

256 797 360 824 nova
387 784 526 825 sobole
554 783 726 824 caulium
755 787 894 823 exorta
928 785 1069 836 quibus
1102 784 1202 825 aliae
1238 786 1506 826 adnascuntur
1541 801 1604 826 ra-

256 861 382 910 dices,
424 862 532 914 quod
565 873 723 913 quoque
766 860 814 899 de
842 859 1057 901 rhizomate
1085 862 1306 903 dicendum.
1362 863 1531 903 Cormus
1559 864 1601 903 in

256 937 378 977 bulbo
407 942 474 977 aut
497 937 689 976 bulbodio
720 940 786 976 aut
819 936 902 988 ipse
939 950 1092 977 annuus
1121 942 1187 977 aut
1211 939 1395 990 perennis
1424 944 1503 989 est,
1542 940 1601 980 uti

255 1027 377 1065 supra
403 1012 437 1067 §.
456 1013 519 1054 79.
547 1012 614 1054 80.
644 1013 824 1053 diximus.
861 1013 1019 1054 Tubera
1045 1027 1202 1066 semper
1229 1028 1358 1056 annua
1385 1020 1485 1056 sunt.
1521 1017 1601 1056 Fo-

252 1090 307 1130 lia
334 1090 534 1142 prioribus
563 1090 676 1130 annis
703 1090 860 1142 prolata
888 1090 1083 1131 interdum
1111 1091 1295 1131 differunt
1322 1092 1371 1133 ab
1399 1093 1465 1143 iis,
1499 1107 1602 1147 quae

254 1181 344 1207 cum
372 1168 472 1208 flore
500 1170 725 1219 emergunt,
756 1171 800 1206 ut
829 1166 870 1206 in
898 1167 1011 1208 Galla
1037 1168 1259 1221 aethiopica
1288 1173 1361 1209 etc.

361 1308 500 1351 Planta
527 1309 774 1351 fruticosa
802 1309 955 1349 caulem
982 1310 1113 1362 primo
1143 1324 1247 1351 anno
1273 1311 1428 1363 profert
1453 1311 1596 1362 persis·-

250 1391 406 1436 tentem,
436 1386 507 1430 sed
534 1385 659 1426 altero
689 1386 845 1427 demum
874 1399 998 1435 anno,
1025 1390 1092 1426 aut
1120 1387 1249 1437 tertio,
1278 1391 1429 1441 quarto,
1458 1388 1598 1440 quinto

251 1454 325 1504 etc.
353 1465 571 1503 florentem.
627 1463 673 1502 In
701 1462 813 1502 caule
841 1462 927 1514 ipso
955 1476 1059 1504 nova
1082 1464 1261 1503 exoritur
1277 1464 1447 1514 soboles,
1476 1464 1595 1504 inter-

249 1542 343 1582 dum
389 1540 495 1580 foliis
533 1539 786 1579 inferioribus
820 1539 983 1579 diversis
1020 1540 1304 1592 distinguenda.
1359 1531 1404 1580 Si
1437 1541 1593 1592 plantas

247 1619 498 1671 gemmiferas
525 1628 656 1665 vocaS‚
685 1629 786 1669 quae
815 1629 988 1668 gemmas
1017 1617 1163 1657 habent
1184 1617 1371 1659 foliorum
1397 1617 1598 1656 rudimen-

248 1696 298 1736 tis
327 1694 523 1743 involutis,
552 1693 799 1742 soboliferas,
827 1706 927 1745 quae
954 1706 1128 1744 gemmas
1144 1694 1288 1733 habent
1311 1693 1498 1733 foliorum
1526 1707 1596 1733 rma

247 1773 429 1812 dimentis
464 1769 772 1822 divergentibus,
812 1782 896 1818 eas,
940 1783 1041 1822 qua-e
1075 1770 1115 1808 i'n
1150 1782 1349 1810 ramorum
1386 1771 1470 1812 basi
1495 1770 1592 1810 folia

246 1853 388 1903 gerunt
416 1849 573 1890 diversa
596 1845 916 1901 subgemmitferas
946 1845 1076 1887 dicere
1102 1845 1266 1901 poteris.

354 1991 515 2032 Plantae
544 1990 758 2030 fruticosae
787 2000 863 2030 nec
890 2000 972 2028 non
997 2000 1192 2040 perennes
1215 1988 1414 2029 interdum
1430 1988 1501 2028 sed
1528 2001 1589 2028 ra-

245 2069 327 2108 rius
355 2069 397 2109 in
425 2067 679 2108 calidioribus
705 2066 747 2105 111
765 2077 914 2106 annuas
937 2068 1149 2105 mutantur.
1204 2065 1306 2105 Vice
1332 2078 1453 2107 versa
1475 2065 1587 2117 plan-

245 2150 312 2185 tae
336 2145 550 2184 fruticosae
579 2144 622 2184 in
644 2143 916 2196 ‘frigidioribus
943 2143 987 2183 in·
1011 2155 1160 2184 annuas
1187 2146 1406 2191 mutantur,
1433 2142 1491 2181 uti
1518 2141 1587 2180 Ri-

245 2222 374 2271 cinus‚
410 2221 502 2274 quia
537 2220 687 2273 hyeme]
713 2220 825 2259 finita
851 2216 986 2258 subito-
1018 2219 1135 2259 calor·
1156 2223 1333 2271 augetur.
1392 2219 1460 2258 Sic
1489 2232 1588 2271 quo-

243 2312 321 2352 que
356 2299 398 2338 in
425 2297 668 2350 Regionibus
703 2296 928 2336 borealibus
964 2296 1144 2335 Cerealia
1172 2296 1287 2335 citius
1323 2295 1472 2337 semina
1504 2309 1586 2337 ma-

242 2380 376 2418 turant
402 2389 450 2415 ac
477 2374 519 2414 in
545 2374 710 2428 regione
737 2374 860 2426 magis
886 2377 1116 2427 temperata,¹

351 2528 508 2568 Plantas
542 2527 863 2579 pervigentes
901 2538 1015 2576 voco,
1057 2538 1158 2579 quae
1199 2525 1332 2565 caules
1373 2524 1585 2576 proferunt.

244 2618 334 2646 oum
362 2604 466 2647 foliis
495 2617 567 2659 per
583 2604 764 2656 hyemem
778 2603 1089 2658 persistentibus
1116 2602 1174 2644 uti
1191 2601 1408 2655 Saxisraga‚
1435 2601 1583 2643 Sedum
