1682 2938
911 140 967 180 94

271 253 314 287 ut
350 248 391 286 in
417 248 604 294 Labiatis;
644 254 758 290 aest.
794 255 1041 300 contorta,
1080 252 1221 305 phyllo
1254 253 1437 306 phyllum
1471 257 1605 306 proxi-

269 338 375 363 mum
403 325 576 376 margine
612 326 832 378 obtegente.
889 329 989 368 Tres
1031 330 1175 380 gradus
1211 334 1302 369 sunt
1337 332 1385 370 ad
1421 332 1604 383 spiralem

269 402 438 453 partium
466 401 780 453 explicationem.

376 479 437 518 De
467 479 659 519 exanthiis
696 492 767 519 seu
795 481 965 521 bracteis
1001 483 1051 522 ad
1083 483 1222 522 florem
1255 484 1539 535 pertinentibus
1566 498 1602 524 v.

265 555 301 609 ς.
319 555 410 597 132.

270 684 378 731 138.
446 679 641 746 calyx
669 680 910 731 formatur
934 701 960 731 e
993 689 1239 750 perigonii
1267 685 1447 752 phyllis
1468 690 1602 734 exte-

459 766 704 830 rioribus3
750 787 899 834 saepe
949 771 1218 838 hypanthio
1247 777 1514 838 imponitur
1556 779 1603 822 et

459 862 575 905 tunc
621 857 885 921 perianthii
931 864 1125 909 nomine
1176 866 1382 926 proprio
1433 862 1600 911 distin-

459 947 639 1009 guitur.

372 1055 645 1108 Hypanthium
688 1068 776 1095 esse
824 1061 974 1107 partem
1021 1060 1202 1109 pedicelli
1248 1064 1314 1100 aut
1362 1060 1602 1112 receptaculi

264 1132 501 1172 exteriorem
529 1144 650 1182 supra
675 1129 711 1184 §.
738 1131 828 1172 135.
857 1132 1005 1172 dictum
1034 1141 1104 1175 est.

373 1208 535 1262 Calycis
562 1208 694 1248 variae
709 1213 800 1248 sunt
817 1211 981 1261 species.
1024 1211 1154 1251 Prima
1182 1213 1330 1266 calyx
1356 1214 1598 1253 foliaceus

262 1287 399 1326 vocari
425 1289 575 1337 potest,
610 1286 778 1325 maxime
806 1287 979 1338 vulgaris
1008 1295 1047 1328 et
1076 1289 1279 1341 frequens,
1313 1292 1426 1341 cujus
1461 1290 1602 1343 phylla

264 1363 441 1403 corollae
467 1362 612 1414 phyllis
642 1363 836 1402 crassiora
864 1370 965 1412 sunt,
994 1365 1124 1405 nervis
1152 1367 1281 1406 minus
1308 1367 1460 1417 partitis
1489 1380 1601 1418 prae-

263 1441 363 1488 dita,
399 1439 539 1478 viridia
574 1443 615 1478 et
642 1443 755 1478 extus
791 1440 984 1480 stomatiis
1021 1442 1170 1481 crebris
1199 1443 1337 1482 obsita.
1392 1444 1522 1494 Magis
1551 1444 1601 1482 si-

261 1516 367 1556 milia
395 1520 486 1555 sunt
512 1515 709 1554 involucri
735 1517 879 1568 phyllis
907 1530 978 1557 seu
1006 1518 1191 1568 bracteis,
1226 1519 1381 1558 minora
1410 1520 1513 1559 enim
1540 1521 1601 1573 fo-
1671 1555 1673 1557 .

260 1593 341 1641 his,
385 1594 469 1632 fere
503 1605 716 1644 numquam
744 1593 947 1644 petiolata,
982 1595 1108 1635 rarius
1134 1600 1282 1635 serrata
1309 1609 1356 1634 ac
1382 1596 1507 1636 incisa
1534 1597 1600 1638 de-

259 1670 571 1722 prehenduntur,
617 1673 700 1708 tum
735 1683 893 1724 quoque
929 1684 1072 1711 nervos
1100 1673 1228 1711 minus
1254 1674 1441 1724 partitos,
1483 1687 1599 1726 quam

260 1747 358 1786 folia
384 1750 539 1797 gerunt.
602 1746 799 1789 Differunt
833 1761 930 1787 vero
960 1762 983 1787 a
1011 1749 1179 1788 bracteis
1213 1749 1349 1802 quales
1377 1751 1450 1791 hae
1477 1752 1599 1803 vulgo

261 1823 524 1875 reperiuntur,
553 1823 660 1875 quod
688 1823 727 1862 in
756 1824 892 1863 eadem
920 1825 1198 1875 progressione
1215 1839 1296 1865 non
1324 1827 1598 1878 diminuantur,

259 1901 330 1939 sed
357 1900 492 1951 potius
521 1901 782 1940 extendantur
818 1901 992 1953 aliasque
1021 1902 1167 1942 formas
1202 1902 1399 1956 aliumque
1426 1905 1599 1944 habitum
1662 1926 1667 1929 ⁴

259 1977 433 2015 induant.
492 1978 619 2028 Quam
649 1978 699 2016 ob
728 1990 810 2016 rem
841 1991 930 2017 cum
957 1979 1165 2030 tegmentis
1193 1992 1433 2030 gemmarum
1465 1982 1598 2032 potius

261 2053 516 2101 conveniunt,
559 2067 675 2106 quam
703 2067 793 2093 cum
822 2055 926 2094 foliis
954 2055 1059 2107 ipsis.
1116 2057 1420 2110 Quodquoque
1447 2057 1487 2096 in
1515 2071 1599 2097 mu-

260 2129 473 2169 tationibus
499 2130 609 2170 floris
636 2130 920 2171 luxuriantibus
950 2146 1113 2172 cernere
1135 2133 1239 2181 licet,
1267 2131 1392 2172 multo
1407 2134 1512 2173 enim
1540 2148 1600 2174 ra-

260 2206 342 2245 rius
380 2207 421 2245 in
455 2207 596 2260 calyce
634 2208 834 2257 accidunt,
879 2222 994 2261 quam
1030 2210 1070 2249 in
1106 2210 1258 2249 corolla
1301 2214 1340 2249 et
1368 2211 1600 2262 praesertim

261 2283 385 2321 multo
422 2283 548 2323 rarius
585 2285 625 2323 in
661 2285 757 2324 folia
798 2291 1049 2335 excrescunt,
1094 2300 1209 2339 quam
1244 2286 1419 2326 corollae
1446 2285 1597 2340 phylla.

260 2359 355 2398 Non
383 2362 608 2410 negaverim
638 2363 788 2416 calycis
816 2363 931 2415 hujus
959 2363 1092 2414 phylla
1118 2364 1302 2413 inveniri,
1347 2363 1468 2412 foliis,
1512 2365 1599 2403 bra-

263 2436 359 2476 cteis
395 2440 434 2476 et
467 2433 665 2478 involucri
699 2439 866 2493 phyllis,
912 2441 1038 2479 forma
1073 2454 1118 2480 ac
1146 2440 1279 2480 habitu
1306 2440 1419 2479 valde
1448 2440 1598 2489 similia,

263 2514 334 2553 sed
365 2519 559 2566 tegmenta
586 2529 744 2567 quoque
770 2529 851 2556 non
880 2531 971 2557 raro
1000 2517 1204 2565 deficiunt,
1247 2521 1313 2555 aut
1347 2516 1479 2567 potius
1508 2529 1596 2556 cum

264 2590 467 2630 foliorum(
480 2592 605 2631 forma
633 2595 881 2632 conveniunt.
