1682 2938
901 138 958 181 60

261 251 409 294 Similis
437 255 496 292 est
521 250 683 292 mutatio
711 250 753 291 in
780 250 1010 301 cirrhum,
1041 250 1207 291 floribus
1236 249 1523 300 deficientibus,
1551 255 1595 291 ut

261 330 303 369 in
330 329 654 381 Gardiospermo‚
684 332 752 369 aut
778 328 1054 382 superstitibus
1082 332 1128 368 ut
1155 328 1196 367 in
1222 326 1456 368 Maurandia
1484 342 1596 368 scau-

261 406 389 446 dente.
446 406 548 445 Tum
581 405 623 446 in
665 405 791 445 folia
826 411 867 447 et
906 406 1065 459 quidem
1098 406 1152 446 ita
1186 410 1231 446 ut
1274 406 1361 446 folii
1399 405 1595 445 fulcientis

259 486 411 524 tantum
436 483 702 523 rudimentum
727 483 919 535 supersit,
947 488 992 524 ut
1018 484 1059 523 in
1085 483 1346 537 phyllantho,
1387 488 1471 523 tum
1500 495 1597 535 quo-
1677 527 1679 533 Ι

259 573 337 614 que
373 560 429 600 ita
454 564 498 600 ut
533 561 671 601 folium
706 560 875 602 fulciens
910 562 953 601 in
993 561 1172 614 vaginam
1213 560 1431 610 transierit,
1471 563 1516 599 ut
1556 559 1597 598 in

259 636 484 690 Asparagis.
538 638 730 691 Vaginam
763 638 806 678 in
838 638 946 679 hisce
982 638 1126 690 plantis
1163 650 1248 678 esse
1283 650 1422 678 verum
1456 636 1597 676 folium

261 714 513 767 Turpinus
541 715 625 766 jam
651 715 839 755 indicavit
892 715 1033 765 (Essi
1063 714 1208 754 d’une
1236 713 1594 766 iconographie

260 805 299 844 p.
319 789 433 842 111.)
466 792 538 832 sed
572 791 669 832 folia
703 792 761 832 sic
788 792 892 832 dicta
917 790 1111 844 Asparagi
1144 804 1227 831 non
1261 791 1390 831 minus
1418 790 1514 830 folia
1540 790 1598 829 fa-

259 869 447 909 sciculata
473 873 595 921 putat.
651 867 706 909 At
732 869 860 909 minus
887 868 999 918 bene,
1026 882 1117 908 cum
1146 868 1242 908 folia
1258 868 1317 908 sic
1332 868 1596 919 discrepantia

259 946 301 987 in
328 947 468 986 eodem
497 946 608 987 caule
645 949 684 986 et
719 946 858 986 eodem
891 946 998 986 nodo
1035 959 1246 999 numquam
1274 948 1414 998 juncta
1441 944 1597 996 conspi-

260 1022 424 1063 ciantur.
478 1021 703 1075 Asparagus
731 1022 967 1072 acutifolius,
995 1022 1117 1072 albus,
1146 1023 1289 1075 aliique
1316 1023 1460 1062 habent
1487 1022 1597 1073 pedi-

261 1099 388 1140 cellos
415 1098 523 1140 foliis
556 1099 614 1139 sic
648 1098 761 1138 dictis
795 1100 1037 1139 adstantibus
1070 1099 1301 1140 simillimos.
1363 1101 1409 1139 In
1436 1099 1495 1138 his
1523 1112 1598 1138 nec
1642 1106 1650 1110 ‘

260 1189 342 1216 non
369 1176 410 1216 in
436 1174 487 1217 A.
510 1175 795 1229 phyllacantho
819 1175 996 1229 aliisque,
1024 1175 1238 1228 pedunculi
1265 1190 1422 1229 quoque
1449 1177 1491 1216 in
1518 1176 1598 1229 spi-

258 1266 329 1294 nas
362 1252 613 1293 transierunt.

368 1330 633 1382 InEpimedio
662 1329 750 1370 vice
777 1342 893 1370 versa
919 1330 1167 1381 pedunculus
1195 1330 1335 1370 folium
1362 1331 1473 1371 sistit.
1515 1331 1599 1371 Nu-

261 1407 333 1448 dus
361 1407 466 1448 enim
494 1411 564 1456 est,
591 1406 703 1446 nullo
732 1407 830 1447 folio
858 1407 998 1455 fultus3
1028 1421 1078 1447 ex
1105 1407 1225 1448 axilla
1252 1408 1372 1448 alium
1398 1409 1598 1460 peduncu-

260 1484 343 1525 lum
369 1483 603 1536 plerumque
631 1483 893 1523 abortientem
921 1484 1070 1534 emittit,
1099 1485 1150 1524 ad
1175 1485 1302 1524 latera
1322 1498 1503 1538 squamas
1531 1487 1597 1526 ha-

260 1562 328 1602 bet
345 1562 454 1610 duas,
481 1560 702 1600 rudimenta
717 1560 947 1600 foliolorum
968 1561 1137 1601 duorum
1152 1562 1439 1613 appositorum
1467 1565 1598 1604 omnia

262 1638 367 1679 enim
393 1637 489 1678 folia
514 1637 632 1689 hujus
659 1637 817 1689 plantae
844 1637 1187 1690 repetito-ternata
1213 1643 1317 1680 sunt.

264 1814 374 1862 134.
439 1811 923 1861 Inflorescentia
966 1817 1042 1861 est
1086 1815 1210 1861 situs
1253 1818 1301 1863 et
1332 1813 1596 1879 explicatio

455 1899 633 1949 florum
673 1903 724 1948 in
762 1899 945 1964 planta.
1027 1900 1235 1962 Caules‚
1285 1905 1469 1951 ramive
1510 1908 1597 1951 aut

454 1988 710 2036 steriles
751 1992 867 2036 sunt
907 1993 992 2037 aut
1028 1987 1351 2051 florenteS,
1417 1990 1469 2039 hi
1512 1997 1597 2039 aut

454 2075 647 2125 flores
697 2075 1082 2140 singulares,
1133 2082 1219 2124 aut
1269 2076 1598 2145 thyrsodia

458 2169 543 2211 aut
585 2163 897 2222 anthedia,
963 2167 1016 2213 in
1063 2181 1248 2230 genere
1293 2165 1599 2216 anthemia

455 2257 650 2315 gerunt.

371 2371 516 2412 Caules
543 2378 612 2413 aut
633 2375 762 2426 primo
790 2386 914 2424 anno,
954 2386 1035 2427 quo
1064 2375 1168 2414 enati
1194 2379 1302 2426 sunt,
1335 2375 1494 2425 florent,
1530 2381 1599 2415 aut

264 2449 519 2504 sequentibus
547 2451 672 2490 annis.
727 2451 829 2491 Illud
857 2451 898 2491 in
924 2451 1068 2503 plantis
1104 2452 1263 2503 annuis,
1302 2453 1378 2492 hoc
1412 2453 1454 2492 in
1488 2453 1599 2492 fruti-

264 2526 375 2565 cibus
410 2529 451 2565 et
475 2526 683 2566 arboribus
710 2527 814 2577 fieri,
857 2528 1103 2569 notissimum
1139 2533 1210 2568 est.
1271 2529 1414 2568 Gaules
1448 2530 1598 2581 planta-

264 2615 352 2644 rum
375 2602 626 2658 perennium,
661 2617 762 2657 quae
798 2617 935 2647 cormo
962 2609 1031 2647 aut
1057 2606 1271 2647 rhizomate
1300 2606 1470 2657 praediti
1496 2609 1598 2655 sunt,
