1592 2924
803 130 859 172 34

163 243 306 282 liorum
341 245 381 281 et
409 241 548 281 eodem
576 241 696 281 modo
725 242 764 280 in
792 240 904 293 Algis
933 245 972 281 et
998 239 1234 279 Lichenibus
1262 240 1415 281 adsunt.
1462 242 1509 281 In

164 318 314 370 Fungis
342 318 538 367 deficiunt,
565 318 634 371 qui
663 318 765 357 enim
794 318 864 369 pili
892 318 1090 366 videntur,
1120 317 1235 356 flocci
1264 317 1352 367 sint,
1381 331 1404 358 e
1425 319 1509 371 qui-

163 397 236 435 hus
264 399 370 435 totus
399 392 541 446 fungus
568 407 650 434 non
679 407 771 434 raro
801 399 1009 434 contextus
1038 399 1109 434 est.

273 493 457 533 Glabra
485 498 544 533 est
570 505 681 545 parS‚
718 506 820 545 quae
849 493 983 533 nullos
1011 493 1172 533 omnino
1201 492 1305 544 pilos
1332 493 1508 541 sustinet,

161 571 439 623 pubescens
473 571 562 622 pilis
596 571 781 611 brevibus
816 570 1002 610 mollibus
1038 570 1203 622 tegitur,
1244 571 1378 609 hirta
1418 569 1508 620 pilis

161 662 298 701 parum
328 648 574 699 longioribus
603 652 643 687 et
670 647 931 699 rigidioribus,
959 647 1124 699 pilosa
1151 647 1241 699 pilis
1258 647 1387 698 longis
1411 646 1510 686 mol-

162 726 284 775 libus,
327 725 527 777 hispida
562 724 653 776 pilis
689 724 932 777 longissimis
966 725 1232 776 rigidiusculis
1267 723 1405 771 rectis,
1447 723 1509 761 la-

161 808 276 843 nata
302 803 393 855 pilis
421 802 662 853 longissimis
699 802 941 842 mollissimis
973 802 1164 854 crispatis.
1222 802 1267 840 In
1294 801 1354 839 his
1383 799 1507 839 omni-

162 881 235 920 bus
263 880 333 932 pili
360 879 485 932 patuli
512 883 614 919 sunt.
673 881 973 919 Tomentosa
999 892 1092 931 pars
1127 879 1242 917 habet
1276 877 1381 929 pilos
1415 889 1509 915 con-

163 962 271 997 tortu
300 952 479 1008 pli'eatOS,
509 960 575 996 aut
601 956 771 1008 patuIOS‚
800 961 869 996 aut
895 957 1019 1008 magis
1047 956 1254 1007 minusque
1273 954 1510 993 decumben-

162 1039 232 1082 tes,
260 1037 439 1073 tomento
469 1033 666 1071 interdum
695 1033 866 1072 deciduo
897 1037 964 1072 aut
994 1033 1109 1072 facile
1125 1032 1386 1083 deglubendo,
1415 1030 1509 1083 quin

161 1115 245 1150 toto
275 1109 529 1157 detrahendo,
558 1113 602 1147 ut
630 1108 670 1147 in
685 1108 843 1148 Cacalia
872 1114 1117 1159 canescente,
1145 1109 1349 1160 Bupleuro
1377 1108 1511 1159 gigan-

161 1192 237 1227 teo.
293 1184 486 1237 Adpressi
503 1189 594 1224 sunt
621 1185 693 1238 pili
722 1190 760 1225 et
788 1186 900 1225 densi
929 1186 969 1226 in
996 1190 1108 1238 parte
1136 1186 1351 1234 sericea,
1379 1185 1508 1225 minus

161 1263 339 1316 adpressi
368 1266 408 1303 et
436 1263 564 1302 minus
597 1263 710 1302 densi
738 1263 779 1302 in
806 1267 919 1314 parte
950 1263 1295 1303 arachnoidea.
1340 1262 1509 1302 Pilife-

163 1355 258 1382 ram
286 1353 474 1382 vocamus
502 1344 674 1391 partem,
717 1353 818 1392 quae
854 1340 956 1380 locis
991 1321 1161 1380 definitis
1195 1340 1300 1392 pilos
1333 1338 1509 1390 singulos
1549 1362 1552 1365 -

160 1419 335 1471 profert,
374 1417 626 1456 barbatam
655 1429 755 1469 quae
783 1417 885 1456 locis
913 1417 1082 1457 definitis
1110 1417 1212 1468 pilos
1241 1417 1405 1465 densos,
1440 1415 1511 1455 ci·

161 1496 334 1536 liatam
363 1506 465 1547 quae
491 1493 667 1545 margine
695 1493 799 1545 pilos
829 1494 978 1534 emittit.

270 1604 380 1644 Pilos
394 1604 551 1655 plantas
568 1603 616 1642 ab
646 1603 799 1654 injuriis
829 1604 1072 1655 tempestatis
1101 1604 1314 1643 defendere
1343 1604 1401 1642 uti
1429 1602 1510 1641 ani*

160 1682 277 1722 malia
304 1681 465 1733 antiqua
494 1684 578 1720 erat
605 1680 753 1732 opinio.
785 1681 1068 1732 Evaporationi
1087 1686 1126 1721 et
1153 1681 1207 1720 ita
1220 1679 1432 1731 digestioni
1454 1679 1509 1719 in-

159 1759 308 1799 servire
345 1757 652 1809 Malpighius
687 1757 839 1809 putavit
878 1758 990 1809 (Op.
1020 1757 1057 1797 1.
1089 1755 1229 1806 1380,
1270 1756 1509 1808 resorptioni

158 1850 256 1877 vero
285 1835 435 1887 primus
455 1835 713 1875 Hamelius
742 1835 910 1886 (Phys.
939 1835 976 1875 d.
1007 1829 1130 1874 arbr.
1161 1833 1198 1873 1.
1228 1832 1351 1884 183.)
1407 1834 1509 1872 Tum

159 1912 465 1953 Schrankius
495 1912 535 1951 in
564 1925 686 1964 opere
704 1912 911 1964 diligenter
938 1916 978 1951 et
995 1915 1176 1951 accurate
1195 1911 1343 1963 scripto
1372 1911 1509 1963 (Von

160 1991 250 2030 den
277 1989 689 2041 Nebengefassen
717 1991 754 2030 d.
784 1990 1046 2039 Pflanzen,
1087 1988 1172 2029 Hal.
1203 1986 1319 2029 1794.
1355 2003 1393 2041 p.
1422 1987 1509 2039 51.)

159 2067 444 2107 mathematicis
493 2066 713 2107 rationibus
762 2067 1054 2118 resorptionem
1109 2066 1280 2117 probare
1335 2066 1507 2105 tentavit.

160 2143 457 2184 Candollius
500 2156 598 2183 vero
642 2142 746 2194 pilos
784 2143 1009 2195 plantarum
1044 2142 1295 2194 superficiem
1330 2155 1354 2181 a
1389 2142 1508 2181 nimia

159 2221 315 2260 actione
351 2224 392 2260 et
427 2220 523 2260 solis
561 2225 600 2260 et
635 2220 801 2260 aliarum
836 2233 971 2259 rerum
1008 2223 1260 2259 externarum
1295 2219 1508 2258 defendere

159 2301 297 2337 censet
324 2297 628 2349 (Organogr.
659 2296 697 2338 1.
727 2296 863 2347 1060,
906 2296 997 2335 hinc
1025 2295 1159 2347 potius
1188 2295 1507 2347 evaporationem

89 2403 92 2406 ⁴
158 2374 377 2415 diminuere
405 2387 523 2427 quam
559 2387 715 2426 augere.
779 2373 956 2414 Pilorum
991 2372 1234 2412 functionem
1266 2385 1384 2424 saepe
1421 2385 1507 2412 esse

159 2451 441 2500 excretoriam,
483 2451 525 2490 in
567 2451 712 2503 plantis
747 2451 981 2504 praesertim
1013 2449 1189 2506 ¹viscosis
1224 2453 1265 2489 et
1297 2449 1506 2501 glutinosis

161 2529 278 2569 facile
304 2541 470 2569 cernere
497 2528 600 2568 licet.
666 2530 711 2568 In
747 2529 944 2568 radicibus
977 2527 1084 2579 pilos
1122 2537 1203 2566 non
1230 2525 1407 2578 septatos
1434 2527 1506 2566 hu-

162 2619 294 2646 mores
323 2605 542 2654 resorbere,
569 2605 780 2645 verisimile
810 2610 879 2645 est.
938 2605 1025 2644 Nec
1039 2604 1263 2654 negaverim
1292 2603 1378 2643 aliis
1406 2614 1504 2656 quo-
