1592 2924
839 138 895 180 20

207 231 376 296 cinctae,
417 247 540 298 magis
574 247 752 288 minusve
787 250 1048 301 prominente.
1106 249 1278 289 Succum
1305 249 1546 302 pellucidum

207 337 327 376 saepe
356 324 577 374 continent,
613 324 705 365 hinc
733 325 828 365 folia
855 327 962 367 hisce
990 326 1184 379 glandulis
1221 326 1397 378 praedita
1432 327 1545 380 quasi

206 414 282 441 acu
308 404 456 453 puncta
483 404 523 440 et
549 404 712 452 pertusa
738 402 932 452 videntur,
960 404 1019 443 uti
1046 403 1233 455 Hyperiei
1259 404 1462 455 perforati.
1498 404 1544 443 In

206 478 310 518 foliis
350 478 644 529 Myrtacearum
694 483 733 518 et
774 479 1037 519 Rutacearum
1086 493 1242 532 semper
1291 481 1433 521 adsunt
1473 481 1545 521 sed

203 567 360 607 parvae,
387 554 441 594 ita
467 558 512 594 ut
540 555 650 594 succi
678 537 1018 607 secretio'parum
1045 561 1240 608 appareat,
1268 558 1341 597 sub
1369 558 1544 610 germine

203 632 331 671 Rutae
362 643 461 671 vero
495 644 659 683 magnae
694 632 805 672 succi
839 646 1017 685 magnam
1052 634 1155 673 intra
1187 635 1343 674 foveam
1377 634 1545 674 fundunt

205 709 370 760 copiam.
412 709 458 747 In
477 709 619 760 Thymi
633 709 875 762 aliarumque
903 711 1153 750 Labiatarum
1181 710 1381 762 calycibus
1411 725 1457 751 ac
1484 713 1543 752 fo-

202 785 267 824 liis
302 785 453 837 globuli
488 786 642 825 resinae
678 786 897 826 exsiccatae
941 787 1086 840 ubique
1121 787 1289 838 inspersi
1325 801 1375 827 ex
1410 789 1543 839 hujus-

203 862 311 902 modi
338 862 532 914 glandulis
562 862 695 902 emissi
723 855 1031 916 conspiciuntur.
1116 863 1360 916 Quibusdam
1392 865 1543 916 planta-

202 953 291 979 rum
321 940 525 979 ordinibus
553 939 794 980 naturalibus
825 941 1009 981 solennes
1037 945 1138 990 sunt,
1166 941 1225 980 uti
1248 940 1542 992 Myrtacearum

203 1020 243 1055 et
257 1017 534 1056 Rutacearum.
591 1017 748 1056 Foveae
777 1017 818 1056 in
838 1017 1070 1069 quibusdam
1084 1018 1230 1069 plantis
1256 1030 1419 1069 magnae
1447 1031 1542 1058 con-

203 1093 424 1144 spiciuntur
452 1093 492 1131 in
521 1105 687 1144 quarum
715 1093 838 1132 fundo
865 1093 1071 1144 glandulae
1099 1107 1181 1136 non
1208 1095 1248 1134 in
1285 1099 1542 1146 conspectum

201 1171 420 1222 prodeunt,
458 1183 491 1208 e.
519 1181 555 1220 g.
584 1168 625 1207 in
652 1169 794 1220 pagina
827 1168 1015 1209 inferiore
1044 1170 1231 1211 foliorum
1257 1170 1372 1211 Nerii
1399 1171 1543 1211 Olean-

203 1247 281 1297 dri,
329 1247 397 1286 ubi
438 1246 636 1297 margines
680 1245 770 1297 pilis
807 1247 1135 1298 convergentibus
1179 1247 1299 1287 cincti
1333 1251 1435 1288 sunt.
1491 1248 1539 1287 A.

203 1324 490 1364 Krockerus
519 1322 699 1362 stomatia
725 1323 908 1374 putabat,
938 1323 1252 1375 Rudolphius
1279 1336 1376 1365 vero
1404 1325 1540 1367 foveas

203 1413 292 1440 esse
319 1398 516 1439 indicavit.

308 1497 586 1538 Glandulae
613 1498 1004 1538 verruciformes
1031 1499 1136 1539 intra
1153 1499 1434 1551 epidermidem
1455 1500 1541 1552 qui-

197 1575 288 1615 dem
314 1576 478 1626 degunt,
520 1575 592 1615 sed
618 1588 700 1614 non
727 1575 830 1614 intra
858 1576 1031 1626 foveam,
1076 1577 1146 1616 sed
1173 1589 1292 1628 supra
1317 1576 1433 1616 istam
1461 1576 1541 1616 ele-

195 1657 311 1693 vatae
338 1652 577 1703 prominent.
633 1653 833 1691 Interdum
871 1665 1034 1691 succum
1069 1656 1266 1692 secretum
1300 1657 1413 1692 extus
1452 1653 1541 1693 fun-

197 1730 313 1778 dunt,
348 1733 392 1768 ut
428 1729 469 1768 in
505 1729 624 1769 ramis
658 1729 850 1769 Robiniae
885 1729 1084 1779 viscosae,
1122 1730 1191 1782 qui
1217 1730 1309 1768 hinc
1342 1729 1454 1770 visco
1482 1730 1540 1769 in-

197 1805 304 1845 ducti
331 1809 534 1856 apparent.
591 1807 793 1846 Interdum
809 1820 905 1847 vero
920 1819 1083 1846 succum
1112 1810 1309 1846 secretum
1337 1806 1539 1863 continent

196 1895 270 1922 nec
299 1882 514 1932 effundunt,
543 1883 600 1922 uti
627 1884 836 1935 glandulae
865 1888 1177 1936 atropurpureae
1204 1884 1246 1922 in
1264 1883 1399 1935 calyce
1415 1887 1454 1923 et
1468 1896 1538 1935 pe-

197 1959 286 1998 talis
315 1959 617 2010 Ilypericorum.
677 1960 805 2013 Saepe
834 1962 899 2002 vix
929 1961 1036 2001 dicas
1065 1973 1115 2000 an
1135 1959 1342 2012 glandulae
1369 1960 1458 2010 sint,
1487 1973 1536 2000 an

195 2048 404 2076 verrucae.

304 2144 586 2183 Glandulae
615 2143 878 2196 stipitatae
906 2157 978 2184 seu
1007 2157 1225 2185 emersae
1254 2148 1366 2185 extra
1383 2145 1536 2197 epider-

192 2221 337 2260 midem
374 2220 611 2260 constitutae
647 2225 750 2261 sunt.
819 2221 950 2272 Stipiti
985 2222 1170 2262 insistunt
1206 2226 1273 2261 aut
1300 2223 1441 2274 majori
1468 2227 1535 2262 aut

191 2298 355 2347 minori,
399 2297 494 2349 quin
531 2298 695 2338 subinde
724 2299 969 2339 brevissimo.
1033 2300 1066 2338 E
1102 2300 1407 2352 parenchymate
1442 2313 1535 2339 con-

193 2378 270 2415 stat
299 2374 453 2414 cellulis
481 2374 626 2424 parviS,
656 2379 722 2415 aut
750 2376 932 2416 omnibus
961 2377 1202 2429 aequalibus,
1230 2380 1299 2416 aut
1327 2376 1533 2415 exteriori-

192 2452 266 2492 bus
295 2445 462 2503 magnis,
489 2450 677 2490 corticem
707 2453 819 2504 quasi
841 2454 1181 2494 constituentibus.
1225 2452 1448 2504 Capitulum
1476 2453 1532 2492 in-

192 2532 253 2568 est
281 2532 349 2568 aut
376 2528 596 2580 globosum,
625 2515 743 2579 saepe
771 2530 903 2581 stipite
927 2528 1066 2582 parum
1084 2531 1262 2580 crassius,
1290 2530 1389 2570 utin
1402 2530 1532 2579 Rosis,

137 2638 143 2644 .
188 2609 256 2645 aut
284 2605 395 2657 apice
425 2606 658 2657 impressum
694 2610 734 2647 et
762 2607 1047 2659 scyphiforme,
1079 2612 1123 2648 ut
1149 2607 1190 2648 in
1215 2605 1374 2648 Ricino.
1434 2606 1530 2645 Suc-
