1682 2938
882 153 936 194 70

237 263 300 303 chi
325 261 556 304 brevissima
589 261 644 301 ita
680 266 724 301 ut
758 262 944 314 pedicelli
980 263 1243 314 approximati
1279 263 1454 313 ejusdem
1496 263 1578 302 fere

235 340 314 379 sint
341 337 596 391 longitudinis
625 342 665 378 et
691 339 810 379 flores
837 340 880 379 in
909 339 1047 380 eodem
1075 341 1159 379 fere
1187 340 1304 391 positi
1319 340 1450 391 plano.
1488 339 1578 378 Um-

235 416 341 456 bella
368 415 489 468 vulgo
518 415 685 466 simplex
713 416 925 467 reperitur3
968 417 1187 468 composita
1222 418 1266 456 fit
1293 415 1492 456 ramastris
1521 415 1580 454 iti-

236 493 324 533 dem
351 492 592 535 umbellatim
621 492 769 532 divisis.

342 602 743 641 inflorescentia
785 601 1068 653 centrifuga
1105 603 1274 652 dicatur,
1316 604 1349 642 si
1384 604 1504 642 fiores
1539 601 1580 641 in

235 680 323 717 toto
357 678 583 729 pedunculo
618 682 684 718 aut
711 682 903 718 ramastro
934 679 1109 729 ejusdem
1144 680 1481 731 gemmificationis
1510 691 1580 718 seu

234 753 468 807 prolepseos
497 768 579 794 non
607 759 709 804 sunt,
737 755 763 795 i.
782 768 815 794 e.
846 755 880 794 si
908 755 1136 806 superiores
1166 760 1206 795 et
1233 756 1443 796 interiores
1471 756 1581 807 prius

233 831 396 881 florent,
433 844 550 884 quam
578 831 787 872 inferiores
824 835 864 871 ct
897 831 1126 872 exteriores.
1184 832 1441 884 Dignoscitur
1469 846 1493 871 a
1520 845 1580 872 se-

234 912 379 960 quente
408 908 699 949 infiorescentia
734 908 843 948 rachi
878 908 1182 961 deliquescente.
1248 910 1488 950 Panicula
1521 916 1581 950 est

234 984 487 1036 thyrsodium
523 986 632 1025 rachi
659 985 927 1036 longiuscula,
970 986 1170 1025 ramastris
1206 986 1387 1025 omnibus
1423 987 1582 1027 alternis

235 1064 303 1100 aut
332 1060 539 1112 oppositis.
595 1061 717 1100 Varia
747 1065 807 1100 est
843 1064 882 1100 et
911 1061 1086 1112 quidem:
1127 1075 1232 1113 pan.
1263 1063 1581 1104 terminativa

195 1148 198 1150 ’
235 1150 307 1178 seu
334 1136 581 1189 vulgaris,
621 1137 784 1176 floribus
814 1137 1084 1176 terminalibus
1111 1136 1331 1188 altioribus,
1366 1141 1423 1179 uti
1459 1141 1580 1193 vulgo

235 1213 431 1261 occurrit3
460 1226 564 1265 pan.
592 1213 836 1263 centrica,
865 1214 1029 1253 floribus
1047 1214 1315 1254 terminalibus
1337 1228 1418 1255 non
1433 1217 1581 1256 altiori-

235 1291 322 1340 bus,
351 1291 403 1330 ob
432 1294 624 1330 ramastra
652 1290 831 1330 lateralia
858 1291 1045 1344 utrinque
1075 1291 1197 1343 magis
1228 1294 1516 1333 exscrescentia
1544 1299 1583 1334 et

235 1368 451 1420 explicata,
495 1369 609 1418 cujus
645 1368 870 1419 exemplum
899 1367 1060 1419 elegans
1088 1368 1272 1407 Stellaria
1298 1369 1496 1419 graminea
1524 1371 1582 1409 of-

234 1445 330 1491 fert3
358 1456 464 1495 pan.
493 1444 879 1483 extraaxillaris
907 1457 978 1484 seu
1002 1445 1307 1495 excentrica,
1324 1446 1487 1486 floribus
1504 1451 1583 1487 ter-

233 1520 443 1560 minalibus
476 1533 558 1559 non
603 1519 809 1560 altioribus
853 1521 904 1560 ob
948 1525 1182 1561 ramastrum
1216 1521 1380 1561 laterale
1416 1523 1456 1562 in
1499 1537 1580 1564 uno

234 1601 386 1638 tantum
413 1597 537 1636 latere
565 1596 688 1648 magis
717 1608 952 1636 excrescens
982 1601 1021 1636 et
1049 1597 1283 1648 explicatum
1318 1600 1424 1650 quod
1452 1600 1492 1638 in
1521 1601 1582 1640 Si-

233 1674 345 1714 lenes
372 1673 579 1726 speciebus
606 1673 768 1724 spicatis
795 1674 959 1713 floribus
988 1674 1172 1714 secundis
1201 1674 1466 1716 observamus.
1502 1677 1584 1717 Fa-

235 1749 457 1791 sciculus
495 1754 555 1790 est
588 1750 842 1804 thyrsodium
877 1750 985 1790 rachi
1021 1751 1149 1800 brevi,
1193 1749 1385 1803 glomus
1416 1767 1513 1794 vero
1542 1759 1583 1795 et

234 1826 547 1879 glomerulus
575 1827 828 1881 thyrsodium
856 1828 966 1868 rachi
993 1827 1224 1868 brevissima
1251 1832 1296 1867 ut
1322 1829 1441 1869 flores
1468 1832 1583 1872 sessi-

234 1904 294 1945 les
324 1908 363 1944 et
393 1905 477 1944 fere
504 1904 664 1945 sessiles
701 1909 928 1956 appareant.
985 1905 1132 1956 Gyma
1161 1908 1220 1943 est
1242 1905 1494 1957 thyrsodium
1522 1921 1584 1948 ra-

234 1980 390 2021 mastris
417 1981 614 2033 primariis
643 1981 767 2021 ternis
796 1986 836 2021 et
862 1981 1041 2034 pluribus
1077 1980 1375 2032 approximatis,
1418 1982 1583 2036 reliquis

235 2057 461 2111 paniculam
491 2058 706 2098 centralem
735 2058 1006 2098 formantibus.
1041 2057 1233 2108 Exempla
1258 2059 1447 2108 praebent
1475 2060 1585 2100 Sam-

234 2134 329 2175 buci
356 2135 523 2186 species.
588 2136 660 2175 Est
689 2148 848 2188 quoque
877 2147 1012 2186 cyma
1047 2134 1343 2185 composita,
1380 2138 1583 2178 ramastris

237 2211 481 2253 secundariis
518 2216 593 2252 etc.
630 2224 790 2264 quoque
827 2211 951 2251 ternis
989 2215 1029 2250 et
1068 2209 1249 2263 pluribus
1290 2213 1583 2264 approximatis,

237 2289 298 2330 uti
336 2288 381 2328 'in
427 2288 666 2340 Euphorbiis
709 2292 944 2338 occurrunt,
984 2301 1082 2341 quas
1127 2301 1208 2328 non
1250 2289 1350 2329 bene
1392 2291 1584 2331 umbellas

238 2369 393 2407 vocant.

348 2463 603 2504 Infloresc
617 2464 751 2504 entia
786 2464 937 2504 mixta
965 2468 1045 2513 est,
1082 2464 1117 2503 si
1143 2463 1346 2515 thyrsodia
1373 2464 1414 2503 in
1443 2466 1583 2505 eodem

239 2540 466 2593 pedunculo
494 2544 561 2580 aut
589 2545 781 2581 ramastro
809 2542 983 2593 ejusdem
1007 2540 1344 2593 gemmificationis
1366 2545 1468 2592 sunt,
1494 2542 1518 2582 i.
1548 2554 1582 2581 e.

242 2618 275 2660 si
303 2617 491 2661 inferiora
525 2621 617 2659 ante
645 2617 853 2670 superiora
880 2619 1042 2667 florent,
1084 2619 1203 2658 flores
1242 2630 1338 2657 vero
1374 2618 1415 2658 in
1443 2618 1583 2659 eodem
