1682 2938
894 141 979 183 294

270 255 354 291 tum
381 250 561 299 rimosae,
587 248 811 299 lacunosae,
838 251 1066 299 ruminatae,
1095 250 1129 289 si
1146 249 1266 289 rimae
1280 250 1434 290 laminis
1450 263 1473 290 a
1487 263 1607 292 mem-

269 328 393 367 brana
426 325 585 366 seminis
622 327 776 367 interna
812 327 987 367 oriundis
1023 327 1214 366 discretae
1243 331 1351 376 sunt,
1397 328 1607 379 lobulatae‚

272 405 521 445 fenestratae.
576 403 678 443 Tum
704 403 938 456 plerumque
966 403 1142 455 glabrae,
1172 404 1298 443 rarius
1325 404 1487 456 pilosae.

380 492 569 544 Figura
601 491 886 541 suhmtundae,
926 496 1066 531 ovatae
1100 492 1287 531 cordatae
1328 491 1609 542 (Malvaceae),

273 567 479 620 oblongae,
506 567 749 608 lanceolatae
777 568 1105 619 (Umbelliferae)‚
1137 569 1414 620 emarginatae,
1444 569 1610 618 excisae,

270 644 479 697 bipartitae
505 644 836 695 (Convolvulus),
875 644 1168 696 multipartitae.
1225 645 1270 684 In
1296 645 1438 696 plantis
1465 645 1614 684 similli-

272 722 348 763 mis
375 722 503 763 varias
533 723 680 762 formas
708 722 851 760 habere
878 722 1029 761 monuit
1058 721 1375 761 Gaertnerus.

383 814 621 855 C-audiculus
649 813 871 853 directus
901 817 980 862 est,
1018 814 1085 865 qui
1119 827 1209 852 cum
1237 815 1302 853 axi
1331 813 1611 865 cotyledonum

276 892 469 940 decurrit,
518 890 811 939 inclinatus,
863 890 975 940 cujus
1012 888 1095 928 axis
1124 903 1213 929 cum
1241 890 1304 928 axi
1333 890 1614 941 cotyledonum

274 968 528 1019 adlangulum
542 971 694 1007 rectum
718 971 786 1006 aut
801 966 981 1006 obtusum
1001 966 1250 1017 conjungitur
1277 966 1464 1016 (Malvae‚
1478 966 1613 1018 Ruta),

275 1045 500 1085 reflexus
528 1044 595 1096 qui
624 1044 739 1094 juxta
765 1044 891 1095 ipsam
921 1042 1201 1093 cotyledonum
1236 1043 1345 1082 basin
1372 1042 1502 1082 subito
1528 1055 1616 1082 ver-

275 1134 344 1162 sus
371 1121 533 1161 alteram
561 1133 697 1160 earum
726 1118 1014 1159 extremitatem
1051 1122 1286 1158 recurvatur
1323 1123 1361 1158 et
1393 1118 1459 1158 vel
1486 1119 1617 1158 lateri-

274 1199 349 1239 bus
377 1198 621 1251 (Siliquosae
648 1195 861 1250 quaedam)
887 1195 951 1235 vel
979 1195 1102 1234 rimae
1136 1208 1268 1235 earum
1295 1195 1498 1235 accumbat
1524 1194 1618 1246 (Le-

273 1275 504 1328 guminosae
532 1272 761 1327 quaedam),
789 1272 1061 1313 obvolutus
1089 1272 1392 1323 cotyledonibus
1418 1272 1618 1312 involutus

274 1352 532 1405 (Siliquosae,
563 1349 887 1402 Orthoploceae).
924 1349 1051 1401 Saepe
1078 1361 1175 1388 vero
1205 1348 1463 1400 cotyledones
1491 1349 1531 1388 in
1558 1349 1618 1388 his

276 1433 368 1468 ante
411 1428 674 1468 maturitatem
713 1427 843 1467 minus
890 1427 1016 1466 flexae
1061 1429 1172 1475 sunt,
1229 1438 1344 1478 quam
1386 1426 1426 1465 in
1471 1425 1619 1466 semine
1653 1466 1655 1469 .

276 1509 446 1545 maturo.

386 1591 586 1632 Germin
596 1592 697 1631 atio
727 1592 953 1643 embryonis
969 1590 1118 1631 evoluti
1146 1590 1198 1628 ita
1226 1589 1312 1628 fieri
1339 1590 1454 1640 solet,
1481 1595 1526 1630 ut
1553 1603 1621 1630 ex-

275 1668 453 1710 tremitas
480 1667 712 1707 radicularis
740 1672 946 1718 augeatur,
984 1671 1131 1707 terram
1159 1666 1296 1716 intret,
1333 1679 1451 1718 saepe
1478 1680 1620 1718 magno

277 1748 384 1787 flexu
411 1748 573 1785 curvata
600 1757 680 1796 quo
709 1744 833 1795 ipsam
858 1743 1034 1795 attingat,
1063 1743 1166 1782 intra
1190 1747 1336 1782 terram
1362 1743 1535 1783 radicem
1561 1757 1622 1783 ra-

260 1822 479 1863 ·dieulasve
509 1821 677 1869 emittat,
705 1823 788 1859 tum
814 1831 971 1859 sursum
998 1820 1190 1868 flectatur,
1218 1819 1274 1858 ita
1302 1819 1527 1859 extremitas
1556 1833 1623 1860 co-

278 1898 523 1952 tyledonaris
551 1908 709 1936 sursum
727 1896 892 1936 tollatur
920 1900 960 1936 et
987 1897 1028 1935 in
1057 1897 1177 1936 altum
1206 1899 1366 1945 crescat.
1424 1897 1526 1935 Tum
1555 1909 1623 1936 co-

278 1976 485 2028 tyledones
519 1974 561 2013 in
596 1972 693 2012 folia
725 1973 927 2013 seminalia
963 1976 1208 2014 excrescunt.
1266 1972 1474 2012 Gemmula
1501 1973 1625 2024 expli-

281 2057 394 2094 catur
420 2052 480 2092 uti
507 2050 606 2091 aliae
634 2062 823 2101 gemmae,
852 2050 962 2091 initio
991 2064 1014 2091 e
1040 2051 1343 2103 parenchymate
1367 2053 1452 2089 tota
1479 2053 1626 2102 quanta

281 2129 517 2180 composita,
568 2130 652 2166 tum
692 2139 788 2166 vasa
839 2127 998 2179 spiralia
1040 2124 1363 2168 breviarticulata
1407 2126 1448 2165 in
1494 2125 1625 2165 medio

280 2210 418 2247 exorta
446 2203 763 2252 accumulantur,
807 2203 963 2244 demum
998 2205 1073 2244 rite
1108 2204 1396 2244 distribuuntur
1430 2206 1475 2241 ut
1503 2202 1626 2241 caulis

279 2283 481 2336 procedat,
510 2280 636 2334 qualis
664 2280 707 2320 in
733 2280 954 2332 Dicotyleis
985 2293 1070 2321 esse
1099 2281 1213 2321 solet.
1270 2279 1467 2319 Albumen
1498 2277 1533 2317 si
1561 2277 1627 2317 ad-

283 2364 344 2401 est
370 2358 617 2414 consumitur
645 2362 685 2398 et
712 2358 898 2398 effoetum
926 2371 1016 2398 cum
1043 2356 1317 2409 integumentis
1345 2353 1537 2406 dejicitur.

393 2451 660 2503 Cotyledones
699 2451 891 2504 quaedam
929 2451 1207 2490 subterraneae
1242 2451 1415 2496 manent,
1458 2459 1533 2486 nec
1562 2459 1629 2486 ex-

284 2530 492 2582 plicantur,
520 2541 687 2581 quarum
715 2528 816 2567 aliae
844 2531 987 2567 testam
1014 2530 1160 2567 exeunt
1186 2529 1230 2566 ut
1251 2524 1534 2576 Leguminosae
1562 2535 1630 2561 va-

285 2607 379 2656 riae,
408 2605 508 2646 aliae
537 2617 635 2646 vero
654 2608 801 2646 textam
815 2616 1026 2656 numquam
1044 2607 1188 2646 exeunt
1207 2602 1266 2644 uti
1281 2601 1398 2643 Aesc.
1413 2600 1630 2652 Hippocas-
