1592 2924
824 122 852 161 6

171 228 348 268 foramen
389 229 614 281 videbatur,
658 232 884 270 membrana
918 232 1026 271 tenui
1062 231 1382 282 superinductam
1423 229 1519 271 esse

171 305 388 346 adfirmavit
416 308 624 357 (Handb.
655 309 692 347 d.
720 309 889 348 Botan.
920 307 957 348 1.
986 305 1107 355 618.)
1136 308 1200 346 cui
1234 311 1328 346 tunc
1363 310 1514 359 tempo-

170 381 224 420 ris
252 383 424 423 assentii.
488 384 542 424 At
574 384 654 424 Ad.
691 386 1035 437 Brongnartus
1070 397 1165 424 vera
1201 396 1285 423 esse
1321 384 1514 423 foramina

169 458 351 509 probavit
379 465 418 500 et
444 475 591 501 nexum
619 462 720 501 inter
747 462 845 501 haec
873 461 1066 501 foramina
1100 465 1138 500 et
1163 461 1324 500 lacunas
1353 461 1514 500 interio-

169 547 234 575 res
269 536 539 578 demonstrare
577 539 735 578 studuit.
801 539 901 578 Sunt
937 539 1126 578 formatae
1157 551 1178 577 e
1206 538 1356 577 duabus
1394 538 1514 577 cellu-

167 611 217 652 lis
253 615 424 654 curvatis
459 619 526 655 aut
558 615 696 664 rectis,
735 628 835 667 quae
871 616 906 655 si
941 619 1074 655 rectae
1112 619 1204 655 sunt
1232 614 1358 654 altero
1386 614 1512 654 latere

169 693 276 730 totae
305 703 392 731 sese
421 691 655 743 contingunt
689 691 870 732 fissuram
907 692 1080 732 clausam
1118 692 1319 740 sistentes,
1363 691 1398 730 si
1425 704 1514 730 cur-

168 770 299 817 vatae,
338 768 649 808 extremitatibus
686 780 775 808 sese
813 769 1087 821 continguunt‚
1125 782 1257 808 aream
1294 779 1366 807 seu
1399 767 1514 806 fissu-

168 855 253 882 ram
288 849 463 896 apertam
499 846 778 898 relinquentes.
851 845 946 885 Non
982 858 1073 884 raro
1110 846 1150 884 in
1195 845 1331 884 eadem
1366 844 1511 896 planta,

167 920 382 973 eademque
423 926 536 974 parte
573 923 753 962 stomatia
795 923 949 963 cellulis
986 922 1104 962 rectis
1151 926 1191 961 et
1237 921 1408 961 curvatis
1442 933 1514 960 seu

169 996 304 1036 clausa
347 1003 385 1038 et
422 1004 557 1050 aperta
603 999 734 1039 vicina
774 999 1073 1050 conspiciuntur
1115 999 1219 1038 unde
1264 1002 1516 1037 curvaturam

165 1086 248 1113 nou
275 1087 432 1126 semper
460 1076 625 1115 eandem
654 1088 760 1124 esse,
798 1075 1037 1114 credendum
1067 1079 1147 1125 est,
1188 1076 1323 1114 forsan
1353 1075 1514 1114 cellula-

168 1163 256 1189 rum
285 1151 463 1203 collapsu
493 1157 531 1192 et
559 1152 827 1204 turgescentia
861 1155 1058 1191 mutatam.
1114 1153 1313 1191 Interdum
1340 1153 1381 1191 in
1407 1157 1514 1192 utra-

167 1240 244 1280 que
275 1230 519 1269 extremitate
550 1230 651 1269 duae
681 1228 850 1268 cellulae
879 1228 1052 1267 minores
1080 1228 1337 1279 interpositae
1360 1233 1451 1268 suut
1479 1242 1512 1270 e.

168 1317 203 1356 g.
233 1305 274 1344 in
303 1306 537 1346 Graminum
575 1306 699 1355 foliis,
735 1305 967 1357 praesertim
1002 1306 1207 1355 majorum.
1272 1305 1315 1345 Si
1342 1307 1513 1357 majores

165 1385 258 1421 sunt
291 1383 459 1422 cellulae
493 1383 593 1422 istae
630 1382 886 1433 interpositae
924 1382 1149 1421 stomatium
1182 1383 1228 1422 fit
1269 1383 1515 1435 quadrangu-

164 1458 268 1508 lare,
309 1472 342 1499 e.
370 1473 407 1511 g.
435 1460 477 1498 in
504 1459 662 1511 Agaves
699 1459 944 1499 americanae
980 1458 1094 1497 foliis.
1150 1459 1351 1508 Rotunda,
1391 1459 1513 1498 cellu-

165 1535 214 1575 lis
242 1537 282 1575 in
310 1537 502 1576 circulum
531 1536 657 1586 flexis,
686 1537 726 1575 in
743 1535 857 1574 Nerii
880 1535 1069 1575 Oleandri
1097 1535 1202 1575 foliis
1231 1540 1457 1575 occurrunt.
1508 1573 1511 1575 Α

274 1668 369 1708 Non
397 1660 499 1716 raro,
527 1681 604 1707 nec
630 1671 779 1706 tantum
798 1667 838 1705 in
854 1648 1063 1716 Coniferis,
1091 1680 1183 1706 area
1210 1667 1285 1707 ista
1312 1668 1416 1707 inter
1433 1668 1513 1707 cel-

165 1745 267 1784 lulas
295 1745 522 1785 stomatium
559 1744 844 1784 constituentes
880 1743 1044 1782 materia
1079 1756 1265 1795 grumosa
1291 1744 1414 1796 magis
1441 1745 1514 1783 mi-

164 1835 319 1875 nusque
354 1824 501 1862 referta
540 1825 610 1861 est.
673 1822 782 1860 Haec
811 1824 895 1860 erat
923 1834 1058 1871 causa,
1096 1834 1167 1860 cur
1188 1822 1274 1872 jam
1303 1821 1398 1860 olim
1425 1821 1514 1860 fun-

165 1901 336 1940 ctionem
372 1899 644 1952 glaudularum
679 1898 788 1937 hisce
823 1898 1015 1937 stomatiis
1050 1898 1168 1936 tribui
1208 1897 1511 1949 (Nachtrkige

166 1977 203 2017 1.
232 1977 297 2018 35.
325 1977 363 2017 2.
391 1976 491 2027 35.).
547 1976 598 2015 Et
626 1988 732 2014 nunc
760 1974 964 2026 glandulas
994 1987 1079 2014 esse
1107 1978 1225 2025 puto,
1271 1987 1362 2014 cum
1389 1978 1513 2014 mate-

164 2053 224 2093 ria
259 2054 333 2093 ista
361 2067 548 2105 grumosa
583 2053 624 2092 in
652 2052 846 2092 stomatiis
880 2052 987 2091 hisce
1017 2055 1173 2091 secreta
1201 2054 1284 2099 aut,
1327 2051 1361 2089 si
1387 2051 1511 2090 mavis

167 2135 330 2170 excreta
356 2131 486 2170 fuerit.
546 2130 758 2178 Contione,
796 2129 867 2168 sed
896 2141 997 2180 opus
1027 2133 1087 2168 est
1116 2129 1317 2177 diuturna,
1346 2128 1511 2168 materia

166 2208 312 2247 haecce
338 2212 406 2247 aut
434 2208 551 2259 plane
581 2211 648 2246 aut
679 2205 823 2258 partim
851 2205 1088 2251 detrahitur,
1129 2205 1236 2257 quod
1273 2205 1391 2244 etiam
1417 2205 1443 2244 1.
1475 2218 1508 2244 c.

168 2284 260 2326 dixi.
331 2284 632 2323 Treviranus
682 2283 1021 2334 Brongniarto
1074 2281 1391 2322 observationem
1429 2294 1511 2320 ma-

167 2360 289 2401 teriae
323 2373 531 2412 grumosae
573 2360 613 2398 in
647 2360 836 2399 Pinorum
877 2359 1066 2399 stomatiis
1100 2358 1236 2398 tribuit
1278 2358 1441 2410 (Phys.
1469 2371 1508 2409 p.

167 2436 308 2487 471.)‚
364 2437 436 2476 sed
472 2436 636 2475 nullius
691 2435 811 2487 pretii
866 2448 953 2475 esse
1000 2436 1239 2488 pronuntiat.
1301 2435 1347 2474 In
1402 2434 1508 2474 Pinis

168 2513 334 2554 materia
380 2513 453 2553 ista
500 2516 627 2553 totum
683 2512 908 2552 stomatium
943 2516 1114 2565 occupat
1161 2511 1268 2564 quod
1316 2524 1398 2551 non
1438 2510 1509 2550 mi-

169 2603 244 2631 nus
271 2592 355 2642 jam
390 2590 484 2631 olim
518 2590 566 2641 (1.
599 2589 653 2640 c.)
689 2588 781 2628 dixi.
839 2589 973 2629 Meam
1011 2589 1236 2641 opinionem
1274 2587 1344 2627 sed
1371 2586 1508 2626 utilam
