1682 2938
893 137 975 180 292

377 243 551 297 Embryo
577 245 901 301 homotropus
930 253 1000 298 est,
1027 250 1095 303 qui
1121 249 1238 291 habet
1264 251 1519 292 directionem
1547 265 1609 293 se-

269 320 392 369 minis
420 326 460 361 et
488 323 642 375 quidem
671 329 871 365 erectus
902 327 936 365 si
964 327 1191 367 extremitas
1221 328 1449 368 radicularis
1468 342 1606 369 versus

265 388 494 438 'umbilicum
521 399 666 440 directa
694 406 772 449 est;
812 404 1046 443 inversus
1081 404 1115 443 si
1155 404 1378 443 extremitas
1406 406 1607 457 cotyledo-

266 472 373 538 naris
393 489 530 516 versus
545 477 770 517 umbilicum
786 480 953 527 directa;
982 494 1082 532 amp
1093 481 1256 532 hitrop
1268 494 1340 530 us,
1370 483 1482 532 cujus
1500 486 1605 522 utra-

266 564 343 608 que
372 554 595 606 extremitas
623 568 761 594 versus
794 557 1021 596 umbilicum
1059 557 1223 605 directa,
1265 561 1309 596 ut
1335 558 1376 597 in
1402 559 1603 611 plerisque

265 629 552 680 Leguminosis3
583 631 607 670 h
618 635 871 684 eterotrop
883 647 910 672 u
922 646 941 673 s
969 646 1000 673 s.
1030 634 1167 673 devius
1197 635 1308 685 eujus
1324 635 1398 674 nec
1414 648 1502 685 una,
1529 648 1604 675 nec

265 705 390 745 altera
418 707 643 747 extremitas
670 721 809 748 versus
838 710 1064 749 umbilicum
1093 711 1251 750 directa.

373 794 716 846 Cotyledones
745 800 837 835 sunt
865 796 959 836 folia
986 798 1188 838 seminalia
1215 800 1363 846 futura,
1392 799 1446 837 ita
1473 802 1517 838 ut
1545 800 1603 838 in-

214 869 217 870 ’
264 874 325 909 tra
361 883 496 909 semen
533 872 716 910 stomatia
754 874 972 913 ostendant.
1035 875 1262 915 Crassiores
1300 875 1460 928 reliquis
1496 875 1601 915 foliis

264 960 350 988 esse
378 948 508 988 solent
535 961 676 999 parum
704 961 915 999 nervosae,
959 951 1155 991 interdum
1191 957 1320 992 tamen
1347 952 1480 1004 utique
1508 964 1601 992 vasa

263 1024 424 1075 spii-alia
452 1025 605 1064 habent.
664 1025 938 1077 Contiguae
967 1033 1178 1077 vocantur,
1207 1041 1306 1081 qnae
1334 1028 1475 1079 pagina
1501 1029 1601 1068 inte-

261 1101 368 1140 riore
397 1101 480 1141 sive
506 1106 642 1141 mutuo
680 1103 929 1154 contingunt,
968 1104 1331 1155 subcontiguae
1373 1105 1601 1155 (oppositae

262 1177 502 1227 Gaertn.)‚
545 1191 646 1231 quae
673 1180 816 1231 pagina
843 1180 1032 1220 interiore
1061 1194 1148 1221 sese
1177 1180 1410 1232 respiciunt,
1451 1183 1521 1221 sed
1549 1182 1599 1221 ob

260 1255 455 1306 margines
483 1255 649 1295 inflexos
677 1269 765 1295 sese
793 1269 874 1296 non
901 1258 1046 1310 ubique
1066 1258 1306 1309 contingunt,
1336 1257 1601 1297 collatera-

258 1331 333 1371 les
363 1345 463 1384 quae
491 1333 728 1384 marginibus
756 1346 843 1372 sese
871 1338 1020 1373 tantum
1055 1335 1300 1386 contingunt,
1346 1334 1602 1386 divergen-

260 1413 357 1458 tes,
386 1422 486 1461 quae
515 1410 600 1448 basi
630 1422 718 1449 sese
747 1411 997 1462 contingunt,
1031 1425 1200 1462 superne
1230 1411 1489 1462 divergentes.

370 1503 565 1541 Incumb
577 1507 714 1542 entes
744 1507 852 1553 sunt,
895 1517 985 1543 eum
1012 1503 1136 1543 altera
1164 1504 1326 1543 dorsum
1354 1503 1480 1543 altera
1506 1518 1600 1544 ven-

261 1583 361 1618 trem
389 1580 547 1619 seminis
574 1580 750 1632 respicit,
793 1580 1138 1620 accumbentes
1167 1594 1256 1620 cum
1283 1584 1448 1634 utraque
1474 1582 1600 1622 latera

258 1655 417 1695 seminis
445 1656 624 1708 respicit,
671 1657 866 1708 margines
894 1671 990 1697 vero
1019 1658 1138 1697 dorso
1168 1661 1208 1697 et
1233 1657 1362 1698 ventri
1390 1658 1599 1698 obvertun-

257 1736 324 1772 tur
356 1732 722 1773 transversale-s
766 1747 854 1773 cum
899 1734 1102 1786 obliquum
1135 1737 1202 1773 aut
1245 1734 1501 1786 irregularem
1533 1736 1598 1776 ha-

257 1809 352 1850 bent
380 1811 510 1850 situm.

366 1897 544 1937 Rectae
583 1899 835 1950 reperiuntur
875 1902 943 1938 aut
983 1901 1216 1938 arcuatae
1251 1898 1275 1938 i.
1312 1911 1345 1938 e.
1380 1901 1595 1940 secundum

256 1974 542 2027 longitudinem
585 1976 711 2015 flexae
761 1980 801 2015 et
842 1975 999 2028 quidem
1046 1974 1228 2025 falcatae,
1273 1975 1597 2027 semicirculares‚

257 2051 494 2101 coehleatae,
511 2051 801 2102 vermiculares,
820 2056 888 2092 aut
905 2052 1167 2091 flexuosae
1195 2052 1410 2092 secundum
1427 2053 1596 2093 latitudi-

253 2139 346 2167 nem
373 2129 500 2167 flexae
532 2131 573 2168 et
606 2129 764 2181 quidem
798 2129 993 2169 carinatae
1030 2129 1348 2180 conduplicatae‚
1386 2130 1595 2180 repandae,

258 2203 508 2255 sigmoideae,
535 2205 713 2254 undatae,
741 2205 926 2257 plicatae,
954 2206 1110 2245 inverse
1141 2205 1440 2257 conduplicatae
1469 2210 1508 2245 et
1533 2219 1597 2246 re-

253 2281 424 2332 pandae,
470 2285 538 2320 aut
567 2282 868 2322 convolutae
905 2286 943 2322 et
969 2282 1126 2335 quidem
1155 2281 1431 2333 conglobatae,
1472 2282 1597 2334 cylin-

254 2356 363 2396 drice
391 2358 639 2408 convolutae,
669 2359 866 2410 spiraliter
882 2359 1129 2408 convolutae,
1156 2358 1386 2410 vaginanter
1405 2359 1594 2399 convolu-

254 2438 337 2483 tae,
372 2427 744 2487 conto'rtuplieatae,
788 2440 855 2476 aut
881 2449 955 2489 per
981 2448 1025 2476 se
1052 2434 1273 2483 volutae,
1318 2448 1407 2474 cum
1435 2435 1595 2488 quaevis

255 2511 470 2564 cotyledon
496 2524 570 2562 per
597 2524 639 2551 se
671 2511 886 2553 convoluta
911 2516 971 2553 est
1001 2511 1093 2562 (cfr.
1122 2511 1319 2551 Gaertn.
1351 2524 1384 2551 c.
1413 2510 1511 2561 12).

361 2605 390 2644 S
397 2618 424 2645 u
433 2605 457 2645 b
467 2609 541 2646 sta
549 2617 576 2645 n
586 2605 653 2646 tia
678 2605 911 2658 plerumque
946 2617 1134 2647 carnosae
1169 2607 1263 2646 sunt
1289 2607 1329 2644 et
1357 2602 1593 2658 aequabiles,
