1682 2938
904 139 960 182 54

366 247 586 288 Pedunculi
637 247 803 289 directio
856 250 980 289 varia:
1049 255 1107 290 est
1151 255 1334 301 rectus,
1410 256 1596 302 nutans,

261 337 488 375 cernuus,
543 324 792 374 reflexus,
833 327 1073 377 inflexus,
1120 329 1390 379 spiraliter
1433 333 1598 369 tortus

258 400 517 450 (Vallisneria
551 400 726 452 spiralis)
777 406 850 442 etc.
927 403 1031 443 Ante
1074 405 1361 444 florescentiam
1403 406 1599 446 interdum

259 482 407 527 nutant,
435 479 508 518 sub
535 479 784 518 florescentia
812 479 1015 531 eriguntur
1043 481 1229 532 (Tulipae
1259 482 1487 533 quaedam),
1530 488 1596 523 aut

259 554 345 594 vice
373 568 497 604 versa,
526 559 664 595 nutant
690 557 762 595 sub
784 557 1044 606 florescentia,
1074 562 1112 597 et
1138 562 1230 609 post
1257 558 1379 609 ipsam
1397 559 1600 610 eriguntur

258 630 436 681 (Silenae
464 632 687 684 quaedam).

367 797 583 836 Pedunculi
610 797 669 836 uti
696 796 795 836 rami
823 798 1012 837 arrecti
1040 797 1312 849 inveniuntur,
1355 805 1597 851 patentes,

260 870 544 923 divaricati,
574 873 797 914 recutiti.

365 1036 506 1077 Flores
523 1050 543 1077 s
553 1051 574 1077 e
584 1051 606 1077 c
614 1051 640 1077 u
650 1050 676 1077 n
686 1038 733 1077 di
749 1039 798 1078 ad
807 1037 1038 1078 alterutrum
1055 1040 1170 1090 latus,
1185 1041 1287 1080 versi
1305 1046 1405 1080 anta
1421 1043 1597 1083 torsione

256 1113 471 1163 pedunculi
499 1118 538 1153 et
564 1115 730 1154 racheos
760 1114 942 1153 oriuntur
950 1146 959 1164 ‚
999 1129 1098 1168 quos
1134 1118 1157 1156 h
1169 1131 1189 1156 e
1197 1122 1213 1156 t
1221 1131 1241 1157 e
1252 1132 1272 1157 r
1281 1131 1304 1157 o
1314 1131 1351 1156 m
1361 1118 1425 1157 all
1438 1133 1462 1158 o
1472 1133 1491 1158 s
1526 1134 1596 1160 vo-

259 1190 429 1229 caverim
457 1191 684 1241 (Gladiolus
692 1222 702 1240 ,
732 1190 953 1243 Antholyza
982 1193 1079 1242 etc.)
1088 1224 1098 1241 ,
1132 1199 1200 1233 aut
1235 1208 1283 1232 ex
1312 1194 1599 1237 inflorescentia

259 1268 527 1308 extraaxillari
554 1268 733 1318 (Silenae
763 1269 987 1322 quaedam),
1015 1270 1064 1309 de
1092 1284 1170 1322 qua
1197 1271 1299 1310 infra
1327 1272 1491 1312 dicetur.

365 1433 583 1474 Pedunculi
609 1434 804 1473 interdum
831 1435 936 1486 pube
953 1435 1226 1489 glandulisque
1256 1438 1350 1476 tecti
1379 1443 1481 1488 sunt,
1511 1452 1599 1478 cum

258 1510 433 1563 reliquus
467 1514 603 1550 ramus
635 1511 769 1563 glaber
803 1511 854 1551 sit
889 1516 957 1551 aut
993 1525 1131 1563 parum
1165 1513 1331 1564 pilosus.
1385 1515 1477 1555 Non
1508 1529 1598 1555 raro

256 1601 382 1639 prope
405 1588 544 1627 florem
573 1588 700 1627 teneri
728 1592 767 1627 et
795 1588 962 1628 colorati
988 1589 1099 1628 fiunt.

364 1754 616 1794 Pedunculus
644 1754 932 1794 terminalis
962 1759 1039 1804 est,
1068 1755 1135 1808 qui
1164 1769 1214 1796 ex
1242 1757 1353 1808 apice
1382 1758 1506 1797 caulis
1533 1763 1600 1799 aut

257 1831 356 1871 rami
382 1832 567 1883 provenit
593 1831 705 1871 nullo
721 1832 831 1881 folio,
863 1832 1021 1871 nullave
1036 1832 1195 1872 bractea
1209 1834 1340 1873 fultus.
1374 1836 1599 1888 Distingua-

257 1912 323 1947 tur
348 1922 372 1948 a
403 1909 762 1958 subterminali‚
806 1908 873 1961 qui
909 1922 958 1948 ex
993 1908 1103 1960 apice
1134 1910 1255 1949 caulis
1281 1911 1429 1951 ramive
1456 1926 1599 1964 prove-

256 1985 341 2024 nire
370 1986 528 2037 quidem
555 1985 728 2035 videtur,
765 1986 833 2038 qui
867 1999 964 2026 vero
1002 1986 1099 2026 folio
1134 1987 1343 2027 bracteave
1378 1988 1498 2027 fultus
1527 1994 1598 2038 est,

257 2062 365 2114 quod
400 2062 518 2102 situm
554 2075 693 2102 revera
729 2063 933 2103 axillarem
975 2063 1132 2102 indicat.
1196 2064 1446 2104 Pedunculus
1481 2066 1599 2105 axil-

256 2138 377 2177 laris
407 2151 458 2177 ex
486 2139 606 2178 axilla
633 2139 720 2179 folii
747 2140 975 2180 bracteaeve
1014 2139 1211 2187 exoritur3
1261 2141 1507 2192 pedunculus
1535 2143 1598 2182 la-

258 2215 435 2254 teralis
463 2215 636 2255 axillaris
674 2220 734 2256 est
760 2217 831 2256 sed
858 2229 882 2256 a
909 2216 1007 2256 folio
1036 2216 1224 2257 fulciente
1260 2219 1448 2268 dimotus,
1492 2220 1598 2271 quod

256 2292 298 2331 in
325 2290 506 2331 Solaneis
541 2296 579 2331 et
604 2293 857 2345 Borragineis
892 2306 973 2333 non
1008 2306 1100 2333 raro
1137 2295 1290 2335 accidit.
1348 2296 1597 2335 Pedunculus

260 2367 578 2418 cauliflorUS,
622 2383 644 2409 e
673 2371 786 2410 caule
814 2384 975 2411 ramove
1012 2371 1192 2422 emergit,
1228 2372 1339 2412 nullo
1376 2373 1474 2412 folio
1510 2372 1597 2412 nul-

259 2445 348 2488 lave
375 2434 534 2484 bractea
562 2447 760 2497 fulciente,
784 2433 859 2488 nec
876 2447 1059 2497 dimotus,
1089 2450 1196 2501 quod
1212 2450 1406 2489 interdum
1423 2450 1463 2488 in
1481 2449 1597 2489 arbo-

259 2522 367 2561 ribus
394 2521 570 2573 tropicis,
599 2535 631 2562 e.
649 2536 685 2574 g.
704 2524 844 2564 Carica
867 2525 1080 2574 cauliflora,
1109 2526 1302 2579 Cecropia
1320 2526 1466 2577 peltata
1492 2526 1595 2566 aliis·

259 2612 336 2651 que
364 2598 515 2639 accidit.
