1682 2938
901 141 983 184 198

265 249 465 290 evanescit
491 248 717 291 membrana
744 251 908 303 granula
936 252 1097 305 cingens
1127 256 1167 293 et
1194 253 1292 294 haec
1312 254 1438 296 libere
1456 268 1615 297 coacer-

267 331 356 367 vata
383 332 584 380 apparent.
639 328 686 367 In
722 329 884 369 anthera
913 330 1165 370 Oenotherae
1204 332 1455 373 membranae
1491 334 1615 374 instar

269 409 480 445 contextus
506 404 688 445 cellulosi
713 406 795 445 laxi
824 410 863 446 et
889 407 1005 446 valde
1033 407 1284 459 irregularis,
1313 410 1490 450 viscidae
1520 424 1614 451 con-

269 480 480 531 sistentiae,
509 487 725 523 remanent.
782 483 876 523 Vidi
902 483 944 523 in
971 484 1124 524 Bletiae
1151 485 1316 525 floribus
1345 487 1522 527 nondum
1551 501 1618 527 ex-

269 558 420 609 pansis,
456 559 527 598 sed
555 560 698 600 adultis
727 560 891 613 pollinis
918 562 1083 613 granula
1110 562 1218 602 sicca
1245 563 1285 602 in
1315 564 1480 604 cellulas
1509 578 1618 604 com-

269 635 398 687 posita
431 636 584 676 viscida
618 637 782 677 materia
810 637 938 677 cincta
968 642 1008 678 et
1036 639 1305 690 adhaerentia,
1349 641 1482 680 addita
1518 655 1616 682 vero

269 725 371 765 aqua
398 713 627 765 disparuere
656 713 823 754 cellulae
852 718 893 754 et
920 727 1043 766 grana
1069 729 1295 757 remansere
1324 722 1505 769 separata
1531 732 1618 770 gra-

269 789 374 830 nulis
408 796 578 843 quatuor
614 791 742 831 rarius
777 791 903 831 tribus
940 793 1058 832 foeta.
1121 794 1183 832 Ex
1220 794 1278 833 his
1315 800 1424 845 patet
1453 796 1616 835 cellulas

269 866 366 906 istas
391 880 622 920 compagem
646 873 857 909 contextus
882 869 1066 909 cellulosi
1092 883 1174 910 non
1202 870 1359 919 habere,
1388 885 1462 911 nec
1489 877 1616 912 struc-

269 947 417 993 turam,
459 945 531 984 sed
558 945 763 984 materiam
796 958 902 995 esse,
937 954 981 986 ut
1008 946 1062 986 ita
1098 947 1243 995 dicam,
1278 948 1615 1000 semiorganicam.

271 1020 451 1061 Cellulae
492 1034 612 1061 verae
648 1034 862 1074 numquam
896 1023 1098 1074 disparent
1143 1024 1186 1063 in
1226 1025 1317 1064 viva
1350 1025 1501 1077 planta,
1543 1040 1619 1066 nec

269 1097 345 1136 nisi
370 1098 580 1150 putredine
611 1103 938 1150 corrumpuntur,
977 1099 1094 1140 nimis
1131 1101 1235 1140 enim
1262 1102 1374 1140 firma
1403 1107 1463 1142 est
1491 1103 1619 1154 parie-

268 1177 354 1213 tum
393 1175 631 1215 membrana.
696 1177 939 1216 Contextum
983 1177 1218 1217 cellulosum
1261 1178 1459 1229 spurium,
1502 1192 1619 1231 quem

268 1251 390 1291 modo
418 1252 630 1305 indigstavi,
659 1253 1014 1305 collenchyma
1043 1254 1219 1304 dixerim,
1249 1255 1299 1294 ob
1325 1255 1618 1296 similitudinem

271 1341 362 1368 cum
389 1328 553 1381 glutine.

378 1421 500 1462 Plura
545 1436 662 1475 quam
696 1427 868 1476 quatuor
902 1423 1068 1475 granula
1106 1424 1146 1464 in
1182 1438 1261 1465 una
1296 1425 1618 1478 collenchymatis

268 1498 415 1539 cellula
440 1512 656 1552 numquam
684 1500 834 1550 inveni,
884 1513 960 1540 nec
987 1501 1211 1541 Mohlius
1249 1502 1416 1550 invenit;
1470 1505 1618 1545 Bron-

269 1576 495 1627 gniartus
522 1577 649 1617 multo
677 1577 793 1629 plura
822 1577 977 1618 indicat.

376 1664 700 1716 Anamorphoses
728 1669 950 1705 structurae
978 1666 1140 1718 pollinis
1168 1668 1302 1707 variae
1331 1673 1435 1708 sunt.

377 1753 422 1792 ln
450 1753 686 1804 Diphyllaea
714 1753 817 1792 intra
844 1754 1058 1805 quemlibet
1089 1754 1274 1794 antherae
1311 1756 1486 1795 loculum
1524 1770 1616 1808 pars

270 1829 522 1881 cylindracea
549 1830 646 1870 latet
673 1830 776 1882 apici
806 1831 990 1870 antherae
1018 1831 1089 1870 sed
1116 1831 1223 1870 intus
1241 1832 1392 1880 adnata,
1422 1846 1443 1871 e
1462 1833 1617 1873 cellulis

270 1907 395 1957 veris,
423 1907 483 1946 uti
510 1907 687 1956 videtur,
729 1907 968 1959 composita,
998 1907 1062 1947 cui
1090 1907 1251 1959 pollinis
1278 1910 1442 1960 granula
1469 1910 1618 1949 incum-

268 1983 376 2024 bunt.
434 1984 536 2023 Cum
566 1983 729 2024 anthera
756 1983 948 2036 aperitur,
977 1997 1068 2036 pars
1096 1985 1241 2025 haecce
1271 1988 1489 2038 exseritur,
1525 1987 1618 2039 stig-

268 2061 364 2101 mati
390 2061 611 2114 applicatur
639 2066 678 2101 et
704 2062 762 2100 sic
790 2062 1106 2101 secundationem
1135 2068 1354 2113 promovet.

376 2156 422 2194 In
450 2154 658 2195 Orchideis
685 2154 846 2206 pollinis
874 2154 1048 2206 granula,
1077 2155 1133 2194 uti
1161 2155 1292 2207 vulgo,
1321 2156 1361 2195 in
1392 2156 1618 2209 collenchy-

267 2231 383 2271 matis
429 2232 575 2272 cellula
615 2236 855 2272 enascuntur
889 2231 1122 2284 plerumque
1159 2236 1358 2284 quaterna.
1415 2235 1617 2273 Interdum

267 2309 433 2361 granula
459 2309 535 2349 ista
560 2310 602 2349 in
629 2309 793 2349 anthera
814 2308 947 2348 soluta
967 2309 1117 2359 jacent,
1145 2310 1281 2361 pollen
1302 2310 1614 2361 pulverulentus,

267 2384 553 2437 (Epipaetisv),
609 2399 727 2438 saepe
773 2398 870 2426 vero
922 2385 1215 2437 conglutinatae
1271 2391 1364 2426 sunt
1420 2388 1615 2438 ejusmodi

265 2462 432 2502 cellulae
471 2463 784 2515 collenchymate
829 2462 948 2502 simili
994 2467 1034 2502 et
1078 2463 1321 2515 compositae
1365 2469 1433 2503 aut
1476 2464 1516 2503 in
1558 2465 1614 2503 la-

265 2539 390 2579 minas
441 2540 667 2591 deplanatas
716 2541 951 2591 plerumque
1002 2539 1261 2591 triangulares
1305 2541 1463 2592 (pollen
1504 2554 1612 2580 cera-

265 2616 382 2665 ceus)
409 2621 478 2656 aut
504 2616 544 2656 in
573 2617 811 2668 corpuscula
839 2616 1012 2668 oblonga
1038 2616 1195 2668 (pollen
1212 2617 1480 2668 granulosus).
1514 2618 1611 2656 Tam
1681 2625 1682 2628 ’
