1682 2938
916 682 993 730 lx.

696 797 1204 870 Qualitas

279 942 387 990 146.
450 941 635 992 Planta
683 943 972 993 alimenta
1015 947 1222 1011 requirit
1261 963 1388 1012 quae
1425 964 1615 1014 oxyge-

470 1048 634 1093 neum,
663 1031 1053 1098 hydrogeneum,
1084 1031 1397 1082 carbonicum
1428 1039 1476 1083 et
1500 1053 1612 1084 azo-

467 1123 570 1168 tum
603 1119 783 1170 offerre
822 1125 1034 1186 possunt
1064 1138 1093 1170 e
1126 1119 1305 1188 quibus
1342 1126 1615 1189 composita

467 1213 544 1256 est
574 1211 846 1275 principiis.

381 1346 427 1386 In
457 1349 784 1399 praecedentibus
822 1349 999 1391 articulis
1041 1349 1092 1390 de
1125 1349 1346 1391 actionibus
1391 1351 1615 1393 formativis

268 1421 428 1475 plantae
454 1424 602 1467 dictum
629 1432 700 1478 est,
727 1440 833 1468 nunc
861 1429 910 1468 de
938 1427 1114 1480 eJusdem
1128 1428 1350 1469 actionibus
1371 1441 1611 1482 componen-

268 1500 373 1541 tibus
400 1514 474 1542 seu
501 1503 696 1545 chemicis.

376 1580 536 1621 Plantas
574 1593 597 1621 e
635 1581 840 1634 principii-s
887 1595 1009 1635 supra
1054 1582 1170 1623 dictis
1219 1584 1458 1635 compositas
1509 1596 1610 1634 esse,
1662 1586 1664 1590 '

269 1669 408 1697 omnes
437 1658 680 1698 conveniunt
702 1658 890 1699 Chemici.
945 1660 991 1699 In
1016 1659 1136 1699 humo
1164 1660 1329 1700 humore
1357 1661 1508 1711 addito,
1537 1674 1608 1713 op-

267 1734 361 1773 time
387 1735 524 1786 vigere
551 1734 703 1787 plantas
732 1739 772 1775 et
799 1737 1087 1776 stercoratione
1104 1749 1220 1788 agros
1236 1737 1386 1778 fertiles
1401 1739 1498 1788 fieri,
1520 1740 1606 1790 jam

265 1810 414 1850 dudum
449 1812 585 1852 docuit
617 1812 838 1866 antiquitas.
899 1811 1056 1865 Aquam
1088 1813 1271 1853 sufficere
1306 1814 1356 1853 ad
1389 1815 1607 1866 vegetatio-

263 1900 357 1928 nem
385 1889 664 1941 experimentis
700 1890 871 1942 probare
903 1890 1138 1930 studuerunt
1170 1892 1497 1941 Helmontius,
1532 1892 1605 1931 El-

262 1964 419 2016 lerus,
449 1966 725 2015 Bonnetus‚
752 1967 1015 2007 Hamelius.
1069 1969 1215 2008 Postea
1241 1969 1396 2008 acidum
1424 1969 1604 2009 carboni-

263 2055 355 2082 cum
381 2047 520 2094 utpote
549 2043 803 2083 carbonicum
820 2044 965 2095 plantis
983 2045 1174 2096 praebens
1192 2045 1392 2097 cognitum
1421 2050 1481 2085 cst
1507 2047 1601 2098 (cfr.
1663 2056 1665 2060 ⁴

263 2121 345 2160 Th.
382 2120 437 2159 de
473 2120 713 2159 Saussure
741 2121 1004 2161 Recherch.
1035 2122 1236 2175 cheniiq.
1278 2136 1308 2162 s.
1337 2124 1363 2162 l.
1394 2120 1602 2174 vegetat.

262 2199 351 2238 Par.
379 2196 499 2237 1804.
526 2211 563 2249 p.
581 2196 679 2246 39).
736 2198 813 2236 Per
847 2199 978 2238 radios
1005 2199 1100 2238 solis
1130 2201 1178 2238 ad
1209 2200 1364 2250 *plantas
1393 2201 1606 2251 pervenire

262 2274 517 2315 carbonicum
545 2274 804 2314 audacissima
830 2276 1037 2327 hypothesi
1055 2276 1271 2315 Crellius
1300 2276 1395 2315 olim
1422 2277 1599 2316 adfirma-

259 2353 316 2392 vit
344 2348 600 2401 (Gehlen's
627 2353 789 2391 Journ.
818 2352 853 2391 d.
885 2353 1039 2392 Chem.
1070 2354 1114 2392 T.
1130 2354 1168 2392 9.
1194 2353 1373 2404 p.156.>.
1428 2355 1600 2394 Humum

258 2442 360 2482 aqua
385 2440 526 2480 parum
552 2427 743 2468 imbutum
771 2441 1020 2481 oxygeneum
1057 2430 1351 2482 atmosphaerae
1377 2430 1418 2469 in
1443 2431 1599 2471 acidum

259 2506 513 2547 carbonicum
539 2509 710 2554 mutare,
751 2511 890 2558 postea
916 2508 957 2546 in
986 2520 1085 2559 aqua
1114 2507 1231 2555 solvi,
1268 2511 1382 2546 antea
1409 2508 1596 2547 insolubi*

256 2584 351 2632 lem,
381 2598 403 2623 e
429 2583 624 2624 solutione
652 2596 770 2632 vero,
800 2596 1006 2634 oxygeneo
1036 2584 1184 2632 addito,
1212 2584 1463 2635 praecipitari
1493 2585 1594 2625 idem

1679 2514 1682 2607 ἰ
