1682 2938
904 164 986 206 246

278 279 343 314 tur
369 278 458 314 ante
487 273 803 314 secundationem
832 274 1056 322 rarissimis,
1101 273 1204 312 inter
1230 272 1546 312 secundationem
1575 276 1613 311 et

279 355 371 402 post
404 351 527 402 ipsam
563 351 844 405 frequentibus.
902 350 1139 402 Saepissime
1175 349 1255 388 vidi
1291 348 1451 388 tubulos
1479 361 1613 387 muco-

282 439 348 466 sos
382 427 422 466 in
458 427 664 468 Orchideis
702 441 791 468 cum
829 427 1050 479 granulosis
1079 426 1224 466 mixtos
1262 426 1310 465 ad
1347 425 1465 465 ovula
1498 425 1614 464 variis

284 504 411 543 modis
440 509 706 554 excurrentes,
734 516 945 556 numquam
973 515 1069 542 vero
1098 503 1139 541 in
1158 502 1318 542 ovulum
1347 503 1616 553 ipsumrpene-

285 584 402 630 trare,
429 592 586 632 semper
615 581 718 621 enim
748 593 869 632 supra
897 584 935 619 et
962 579 1063 618 infra
1090 579 1250 619 ovolum
1278 579 1504 617 transibant.
1542 579 1619 617 Mi-

286 656 392 696 nime
418 670 514 696 vero
543 671 592 697 ex
621 671 690 707 eo,
726 658 832 710 quod
860 656 953 695 mihi
980 656 1114 695 videre
1144 668 1224 695 non
1252 655 1478 706 contigerit,
1507 667 1619 705 argu-

287 737 460 773 mentum
488 739 626 774 contra
651 735 841 774 theoriam
868 732 1103 781 Brownii‚
1133 731 1413 771 accuratissimi
1441 732 1622 770 observa-

288 810 386 849 toris
402 815 544 861 petam,
573 816 612 850 et
634 811 718 862 ipse
746 815 844 863 puto
873 811 980 850 hisce
1008 809 1154 849 tubulis
1182 808 1497 847 secundationem
1524 807 1620 846 fieri.

290 887 336 926 In
363 885 450 926 aliis
477 899 575 926 vero
603 886 745 937 plantis
773 887 813 925 id
840 899 921 926 non
949 887 1108 931 accidit3
1157 899 1189 924 e.
1218 897 1253 936 g.
1283 885 1323 923 in
1352 884 1515 923 Petunia
1541 885 1623 923 vio-

290 963 403 1003 lacea
429 963 556 1002 tubuli
582 963 632 1001 ad
659 964 746 1014 ipsa
773 962 892 1003 ovula
917 975 999 1002 non
1026 962 1237 1010 accedunt,
1265 973 1338 1000 nec
1365 963 1533 1013 parietes
1562 976 1625 1002 ca—
1674 956 1675 959 ¹

291 1040 390 1079 nalis
417 1039 626 1090 stigmatici
653 1043 873 1090 penetrant,
901 1051 974 1077 nec
995 1051 1067 1089 per
1083 1038 1212 1088 ipsum
1225 1038 1409 1087 canalem,
1437 1040 1505 1078 ubi
1520 1039 1625 1079 clau-

293 1129 362 1155 sus
396 1120 468 1155 est.
523 1115 569 1154 In
605 1115 900 1154 Cucurbitaceis
942 1115 1086 1155 canalis
1123 1114 1359 1165 stigmaticus
1401 1128 1569 1166 superne
1607 1130 1628 1155 e

296 1191 449 1232 cellulis
492 1192 683 1243 separatis
723 1196 894 1241 constat,
949 1204 1076 1242 prope
1120 1191 1239 1230 ovula
1286 1204 1382 1230 vero
1420 1205 1441 1230 e
1477 1191 1630 1231 cellulis

295 1269 511 1321 compactis
539 1269 703 1320 granula
731 1268 964 1318 foventibus,
992 1268 1033 1307 in
1049 1268 1201 1307 cellulis
1222 1269 1336 1319 juxta
1364 1268 1525 1307 ovulum
1551 1281 1633 1308 non

298 1346 527 1398 conspicua.
576 1346 682 1385 Tubi
709 1331 811 1398 quos
839 1345 1204 1396 Brongniartus
1239 1345 1279 1385 in
1306 1345 1414 1384 hisce
1442 1345 1539 1384 vidit
1566 1351 1634 1385 aut

297 1424 419 1463 series
447 1423 681 1463 cellularum
708 1427 800 1462 sunt
827 1427 894 1462 aut
922 1434 1016 1461 vasa
1042 1422 1214 1473 propria,
1243 1435 1343 1474 quae
1371 1422 1410 1461 in
1437 1423 1541 1472 stylo
1569 1423 1634 1462 ha-

298 1514 387 1540 rum
422 1500 644 1552 plantarum
677 1498 1004 1552 frequentissima.
1073 1498 1117 1537 ln
1146 1499 1396 1550 Gampanulis
1432 1512 1505 1550 per
1531 1499 1635 1551 pilos

301 1577 520 1629 singulares
549 1576 651 1628 styli,
687 1589 787 1629 quos
815 1588 935 1627 supra
962 1575 1167 1626 descripsi,
1195 1575 1278 1615 sine
1307 1576 1425 1615 dubio
1454 1563 1638 1616 fecunda-

303 1654 358 1693 tio
388 1652 543 1704 incipit,
577 1653 647 1691 sed
675 1652 832 1691 canales
862 1666 883 1691 e
910 1652 1001 1703 pilis
1030 1652 1108 1691 orti
1136 1653 1266 1692 subito
1295 1654 1502 1702 finiuntur,
1554 1658 1637 1693 tum

301 1743 399 1771 vero
437 1729 583 1768 canalis
616 1728 860 1780 stigmaticus
896 1741 976 1767 non
1006 1729 1133 1768 solum
1168 1729 1361 1780 papillis„
1384 1731 1455 1770 sed
1483 1743 1639 1783 quoque

302 1806 406 1846 tubis
434 1805 612 1857 granosis
651 1806 754 1856 (non
781 1804 901 1857 septis
930 1804 1140 1853 distinctis)
1179 1818 1254 1844 nec
1289 1819 1369 1844 non
1404 1807 1462 1846 uti
1488 1807 1644 1846 videtur

303 1883 476 1923 mucosis
512 1887 648 1922 scatet.
712 1882 776 1921 An
809 1882 973 1933 granula
1007 1885 1091 1921 toto
1126 1882 1202 1922 hoc
1236 1888 1424 1934 apparatu
1458 1884 1641 1923 tuborum

307 1961 586 2009 fecundantur,
615 1972 715 2011 quae
743 1962 809 1997 aut
836 1959 1030 1997 mediante
1059 1958 1166 2006 tubo,
1194 1963 1261 1997 aut
1288 1957 1418 1999 soluta
1446 1961 1642 2012 micropy-

306 2039 372 2077 len
403 2038 573 2077 intrant?
627 2036 720 2075 Vidi
755 2035 857 2074 inter
892 2035 1010 2074 ovula
1039 2034 1303 2087 Campanulae
1340 2038 1530 2087 ejusmodi
1557 2051 1644 2089 gra-

308 2115 401 2154 nula
429 2121 536 2154 motu
565 2114 701 2166 utique
729 2112 892 2164 proprio
921 2111 1074 2163 agitata.
