1682 2938
928 137 1012 180 350

273 250 313 286 et
339 245 450 287 aliae.
505 245 561 286 At
587 246 798 288 fruticosae
813 259 896 288 non
922 252 1024 297 sunt,
1051 259 1142 287 nam
1159 247 1291 287 caules
1318 259 1400 288 non
1427 260 1501 300 per
1527 247 1614 301 plu-

273 323 340 364 res'
367 336 493 364 annos
521 324 755 376 persistunt,
791 330 830 365 et
855 324 950 366 novi
975 338 1132 376 semper
1153 338 1176 364 e
1201 324 1335 364 radice
1365 329 1611 365 accrescunt.

276 445 383 493 152.
450 446 661 492 Annua
687 446 942 492 mutatio
978 445 1144 508 posita
1172 448 1247 491 est
1279 446 1331 490 in
1363 445 1613 507 germina-

470 535 628 594 tione,
658 535 968 593 vernatione,
1002 529 1374 589 efflorescentia‚
1407 530 1613 579 deflore-

469 622 680 680 scentia,
711 619 1069 684 sructescentia‚
1106 617 1419 668 defoliatione
1452 624 1501 667 et
1532 637 1614 667 ra-

471 705 780 756 diculatione.

383 827 557 879 Tempus
605 829 744 868 harum
791 830 1052 871 variationum
1090 846 1308 873 annuarum
1351 847 1427 887 pro
1478 835 1616 887 quavis

273 903 407 955 specie
435 904 737 945 determinatum
765 910 846 956 est,
881 907 935 947 ita
967 913 1100 949 tamen
1127 915 1172 950 ut
1199 911 1350 964 aliquas
1378 912 1616 952 mutationes

275 994 299 1020 a
331 985 562 1033 tempestate
602 982 695 1022 anni
726 983 874 1023 subeat.
943 986 1045 1026 Hinc
1087 987 1255 1027 climatis
1296 988 1399 1028 ratio
1442 988 1617 1040 perspici

273 1061 408 1110 potest
435 1058 528 1110 (cfr.
556 1060 691 1101 Linn.
720 1060 839 1100 Phil.
869 1061 964 1102 bot.
992 1060 1029 1116 ἓ
1046 1061 1140 1105 335.
1190 1066 1334 1105 Cotta
1362 1061 1531 1104 Traite
1559 1065 1616 1104 de

273 1135 664 1189 Meteorologie,
692 1138 779 1179 Par.
808 1136 927 1179 1774.
958 1140 1003 1179 Τ.
1019 1138 1056 1180 3.
1085 1155 1124 1193 p.
1139 1140 1232 1182 337.
1268 1143 1433 1192 Heyne
1455 1141 1619 1180 Pflan-

275 1212 623 1264 zenkalender,
674 1215 896 1267 herausg.
935 1230 972 1256 v.
1001 1217 1407 1269 Schwagrichen,
1456 1218 1619 1269 Leipzig

276 1288 398 1331 1806.
427 1291 473 1330 T.
495 1289 556 1340 1.)
583 1304 658 1331 neo
686 1304 768 1331 non
796 1306 896 1345 quae
926 1293 1223 1335 Schuebleri
1252 1295 1517 1335 admonitione
1544 1296 1619 1335 hac

276 1366 326 1406 de
353 1379 398 1406 re
425 1367 572 1418 scripta
599 1373 692 1408 sunt
717 1370 872 1409 Flora
900 1369 964 1411 13.
992 1370 1121 1421 353.)

384 1445 628 1485 Mutationes
657 1459 754 1499 quas
783 1447 823 1487 in
851 1448 957 1488 foliis
986 1453 1075 1488 ante
1102 1461 1236 1488 casum
1267 1448 1524 1488 observamus
1553 1461 1619 1488 ex-

275 1523 412 1574 posuit
439 1523 642 1575 Murray
678 1523 754 1573 (N.
785 1525 958 1565 Gomm.
988 1525 1095 1566 Soc.
1125 1525 1282 1565 Goett.
1314 1527 1359 1565 T.
1380 1525 1419 1566 2.
1446 1539 1485 1577 p.
1512 1524 1618 1575 38.).

276 1598 436 1638 Coloris
463 1601 718 1640 mutationem
747 1606 937 1642 autumno
966 1603 1064 1643 oriri
1089 1603 1136 1642 ab
1157 1602 1356 1654 oxygenio
1371 1602 1621 1642 accumulato

276 1677 386 1728 quod
419 1675 554 1715 lumen
589 1678 785 1718 extricare
819 1679 957 1731 nequit
990 1678 1239 1719 Macarius
1271 1678 1479 1731 Prinsep
1514 1679 1623 1731 inge-

277 1752 390 1792 niose
420 1754 605 1803 exposuit
631 1751 797 1804 (Mem.
826 1756 863 1796 d.
892 1755 918 1795 l.
943 1756 1051 1795 Soc.
1080 1757 1116 1795 d.
1138 1752 1335 1795 Geneve
1365 1758 1411 1795 T.
1426 1755 1465 1795 4.
1494 1754 1620 1807 p.*1.).
1679 1757 1681 1759 ’

388 1830 559 1869 Causam
587 1831 852 1871 defoliationis
880 1845 963 1872 non
990 1832 1255 1885 quaerendam
1284 1844 1371 1872 esse
1395 1832 1437 1871 in
1462 1833 1622 1885 frigore,

277 1921 353 1948 nec
381 1907 423 1947 in
449 1908 613 1959 gemmis
640 1908 950 1950 tumescentibus
979 1909 1143 1962 aliisque
1165 1909 1282 1948 rebus
1297 1922 1398 1962 quae
1425 1910 1621 1960 accidunt,

278 1986 351 2026 sed
377 1986 419 2025 in
445 1984 613 2037 periodo
650 1984 756 2025 vitae
789 1986 1032 2038 praescripta
1066 1999 1173 2025 nunc
1201 1998 1338 2025 omnes
1366 1987 1450 2026 fere
1479 1999 1623 2027 conve-

278 2063 402 2102 niunt.
472 2064 605 2102 Locus
649 2075 729 2115 quo
773 2067 1022 2115 separantur,
1075 2062 1264 2114 singulari
1305 2063 1623 2115 parenchymatis

278 2144 400 2180 strato
429 2139 589 2193 quidem
616 2140 830 2190 indicatur,
876 2141 947 2180 sed
974 2140 1169 2191 ejusmodi
1196 2144 1361 2179 stratum
1388 2141 1499 2180 adest
1525 2153 1623 2192 quo-

279 2230 369 2270 que,
398 2217 576 2269 quamvis
605 2217 743 2257 folium
771 2231 852 2258 non
880 2218 1044 2258 decidat.
1081 2218 1127 2256 In
1154 2230 1300 2269 genere
1328 2216 1425 2256 folia
1451 2228 1624 2269 semper-

278 2293 446 2334 virentia
478 2293 607 2333 minus
641 2297 777 2334 tenera
810 2298 918 2344 sunt,
960 2307 1077 2347 quam
1113 2307 1253 2334 annua.
1324 2293 1426 2333 Sunt
1452 2307 1623 2347 quoque,

279 2383 382 2423 quae
410 2369 585 2410 marcida
609 2371 836 2422 persistunt,
863 2374 908 2411 ut
934 2371 976 2411 in
1003 2374 1165 2424 Quercu
1190 2370 1363 2410 Robore.
1558 2416 1569 2431 x

391 2447 559 2500 Quando
594 2447 754 2499 plantae
789 2461 985 2500 perennes
1023 2461 1100 2488 nec
1134 2460 1216 2487 non
1250 2447 1464 2488 fruticosae
1500 2447 1621 2488 flores

281 2525 513 2577 fructusque
560 2507 834 2576 perfecerunt,
878 2525 1091 2574 radiculas,
1139 2524 1292 2566 radices
1331 2529 1372 2565 et
1406 2524 1624 2565 rhizomata

279 2601 564 2653 propullulant.
