1682 2938
922 127 1005 168 284

293 235 334 274 in
373 235 484 275 Citro
513 239 587 275 etc.
647 235 741 275 Non
775 249 866 275 raro
902 236 1068 276 cellulae
1103 235 1244 288 longae
1277 237 1380 278 inter
1404 239 1543 279 breves
1579 241 1632 279 ita

1676 131 1682 245 l

1677 266 1682 303 i

1678 304 1680 314 ,

293 312 507 363 dispositae
535 316 641 362 sunt,
684 318 729 352 ut
761 326 906 353 nervos
944 315 1080 354 credas
1118 327 1297 354 ramosos
1332 320 1370 354 et
1398 329 1491 355 vasa
1517 321 1562 356 ut
1589 316 1630 355 in
1679 326 1681 359 i

291 388 403 428 Malo
431 388 566 429 videre
593 389 698 430 licet.
755 391 953 441 compage
987 395 1086 430 testa
1122 396 1182 430 est
1210 393 1521 441 membranacea,
1563 405 1630 431 co-
1680 443 1682 449 A

292 466 438 514 riacea,
467 466 678 518 spongiosa
706 479 776 505 seu
805 467 988 517 fungosa,
1019 480 1194 516 carnosa,
1223 469 1396 517 baccata,
1426 476 1629 508 crustacea
1680 462 1682 467 ⁴

292 546 332 581 et
361 555 484 582 ossea.
543 544 701 582 Testam
729 543 767 582 in
799 543 1004 582 Orchideis
1033 544 1294 594 fusiformem‚
1323 545 1447 584 multo
1477 545 1629 596 longio-

290 632 374 658 rem
403 618 545 658 nucleo
574 620 751 671 globoso,
780 620 1059 669 tenuissimam,
1090 621 1244 661 cellulis
1267 622 1415 673 magnis
1431 635 1512 661 non
1539 621 1629 660 aril-

287 696 369 736 lum
404 709 490 735 esse
522 697 672 747 primus
715 697 995 736 demonstravit
1036 697 1320 738 Richardus.
1389 698 1654 749 Superficies.

291 778 351 813 est
379 773 531 825 glabra,
560 772 700 822 laevis,
729 773 876 821 striata,
905 773 1133 822 cancellata,
1161 787 1314 825 gyrosa,
1347 774 1629 825 striato-punc-

289 854 385 899 tata,
413 854 611 900 punctata,
640 849 919 898 scrobiculata,
957 850 1220 899 tuberculata‚
1249 851 1368 900 alata,
1400 851 1626 902 marginata.

286 927 361 966 Pili
386 926 471 966 veri
500 930 590 965 sunt
617 938 691 964 nec
719 925 862 977 strigae
892 930 931 964 et
959 925 993 964 si
1007 925 1116 977 longi
1131 930 1233 975 sunt,
1263 927 1411 966 semina
1434 932 1624 967 comata

285 1007 492 1043 vocantur.
548 1003 593 1040 In
621 1002 769 1041 semine
798 1001 948 1041 recenti
976 1001 1091 1041 facile
1121 1016 1144 1041 a
1170 1003 1313 1043 nucleo
1343 1004 1489 1043 secedit
1513 1008 1625 1052 testa,

284 1081 325 1119 in
353 1079 596 1131 germinante
633 1079 831 1129 dejicitur,
873 1079 957 1118 fere
993 1091 1150 1130 semper
1183 1092 1271 1118 cum
1306 1080 1530 1119 membrana
1566 1080 1625 1119 in-

283 1160 397 1197 terna
426 1157 653 1196 cohaerens.

392 1243 668 1283 Umbilicus
698 1247 756 1283 est
784 1256 875 1282 area
904 1242 1009 1283 circa
1035 1243 1157 1282 hilum
1186 1257 1209 1283 a
1237 1243 1388 1296 reliqua
1415 1247 1516 1283 testa
1542 1256 1624 1282 non

282 1334 375 1361 raro
411 1321 606 1360 distincta.
671 1319 752 1359 Aut
776 1321 938 1360 derasus
969 1325 1046 1370 est,
1092 1325 1131 1360 et
1160 1320 1340 1370 decolor,
1383 1324 1452 1359 aut
1487 1320 1623 1359 colore

281 1397 470 1449 singulari
497 1401 665 1446 notatus,
695 1410 728 1436 e.
758 1410 791 1448 g.
821 1397 934 1449 nigro
965 1411 1052 1436 cum
1073 1402 1174 1437 testa
1191 1397 1409 1437 ruberrima
1437 1397 1555 1436 suerit
1581 1396 1622 1436 in

281 1474 392 1514 Abro
420 1474 663 1526 precatorio,
704 1474 857 1513 macula
886 1475 972 1513 alba
1002 1475 1231 1514 eordisormi
1266 1487 1354 1513 cum
1382 1478 1484 1513 testa
1511 1474 1622 1525 nigra

280 1552 330 1591 sit
357 1552 398 1590 in
428 1552 730 1602 Cardiospermo
761 1555 834 1590 etc.
866 1555 932 1589 aut
961 1551 1220 1602 superficialis
1248 1555 1325 1599 est,
1370 1538 1437 1590 aut
1476 1564 1621 1590 conve-

280 1640 367 1676 xus,
396 1632 463 1666 aut
491 1628 668 1667 verrucis
697 1632 868 1676 notatus,
897 1641 1015 1679 saepe
1044 1628 1085 1666 in
1114 1628 1250 1667 orbem
1277 1626 1419 1678 positis
1449 1630 1523 1666 etc.

386 1727 544 1765 Testam
571 1725 750 1778 sequitur
776 1726 1050 1765 membrana
1080 1725 1369 1773 vasculosa,
1412 1737 1507 1765 vasa
1542 1724 1621 1776 spi-

276 1803 394 1852 ralia,
435 1804 667 1854 plerumque
697 1802 1009 1841 breviarticulata
1045 1801 1262 1841 continens.
1317 1801 1518 1840 Interdum
1546 1815 1620 1851 per

279 1893 323 1919 se
351 1879 500 1928 existit,
544 1884 588 1918 ut
617 1879 656 1918 in
685 1878 898 1926 Phaseolo,
940 1878 1136 1917 interdum
1171 1882 1334 1929 stratum
1362 1878 1616 1918 vasculorum

276 1956 507 1995 incumbens
537 1956 746 2004 constituit,
775 1956 920 2007 absque
948 1956 1172 1994 membrana
1198 1954 1423 2005 conspicua,
1451 1955 1501 1993 ad
1530 1955 1618 1993 cha-

276 2033 404 2072 lazam
434 2046 649 2084 expansum
675 2037 718 2072 ut
746 2032 785 2071 in
802 2032 922 2071 Citro.
981 2031 1075 2071 Non
1102 2045 1194 2071 raro
1221 2032 1362 2081 deficit,
1391 2044 1510 2082 saepe
1538 2035 1619 2069 tes-

275 2115 337 2150 tae
366 2109 572 2159 accumbit,
598 2110 754 2161 saepius
783 2108 1030 2148 membranae
1060 2108 1247 2148 internae.

384 2208 670 2248 Membrana
699 2208 897 2247 interna
926 2221 948 2247 e
972 2207 1065 2247 laxo
1096 2211 1280 2247 constans
1302 2206 1617 2258 parencliymate,

276 2298 394 2336 saepe
439 2285 589 2334 deficit,
616 2283 759 2337 'neque
796 2285 1067 2336 integumento
1103 2284 1210 2324 ovuli
1245 2284 1399 2322 interno
1434 2282 1617 2334 aequipa-

275 2363 398 2405 randa
426 2366 494 2410 est,
520 2362 580 2416 uti
607 2361 873 2400 Mirbelius
901 2365 1010 2400 recte
1037 2361 1199 2399 monuit.
1256 2361 1354 2399 Cum
1381 2358 1529 2407 deficit,
1558 2358 1616 2396 in-

280 2443 547 2492 tegumentum
575 2438 739 2477 interius
777 2437 888 2477 evuli
917 2437 1105 2476 exteriori
1137 2436 1329 2484 adhaesit,
1371 2447 1460 2474 cum
1496 2434 1616 2482 adest,

277 2530 328 2556 ex
362 2517 630 2567 integumento
665 2515 802 2554 intimo
841 2515 996 2559 demum
1034 2517 1172 2553 exorta
1213 2512 1380 2552 videtur.
1449 2510 1614 2550 Tenuis-

276 2593 373 2637 sima
401 2605 558 2649 quoque
587 2604 668 2632 non
696 2604 788 2631 raro
818 2594 889 2639 est,
918 2594 962 2630 ut
986 2589 1214 2631 difficillime
1241 2588 1503 2639 dignoscatur.
