1682 2938
921 143 1006 186 338

291 288 397 335 148.
471 286 513 332 L
526 302 559 332 u
568 287 748 334 minis
788 303 883 350 ope
917 303 1085 334 omnes
1124 285 1324 351 plantae
1358 287 1632 339 functiones
1647 352 1650 356 ⁴

484 372 804 437 perficiuntur
815 409 830 436 ,
873 392 900 423 c
912 373 1009 422 alo
1019 391 1045 422 r
1054 391 1082 422 e
1114 377 1364 439 incipiunt.

394 509 546 547 Lumen
563 507 604 546 in
627 491 781 559 plantas
797 508 1029 559 praesertim
1045 507 1124 559 agit
1151 508 1342 559 peculiari
1370 521 1442 548 sua
1468 510 1507 549 vi
1536 523 1634 562 oxy-

287 598 456 637 geneum
485 584 703 624 amovendi.
762 585 806 623 Si
820 585 953 623 lumen
976 584 1096 634 deest,
1126 586 1452 638 oxygeneicopia
1480 587 1519 625 in
1546 601 1634 638 par-

285 663 389 701 tibus
416 662 606 701 viridibus
624 661 906 710 accumulatur,
935 661 1147 700 decolorae
1164 661 1284 709 fiuut3
1309 663 1477 703 admissa
1490 664 1630 704 iterum

284 740 375 779 luce
405 739 619 778 virescunt.
675 737 948 777 Aristoteli
980 738 1219 790 philosopho
1257 740 1358 779 lianc
1386 740 1487 780 lucis
1522 741 1633 780 indo-

283 816 363 859 lem
383 817 468 867 jam
485 814 681 866 cognitam
699 814 828 865 fuisse,
850 814 1201 855 Humboldtius
1230 816 1415 856 indicavit
1433 818 1634 867 (Usteri‚

284 892 458 933 Annal.
489 892 526 930 d.
557 892 723 931 Botan.
752 891 791 931 3.
820 890 950 940 226.)
1015 892 1175 943 Optime
1210 893 1259 932 de
1285 894 1359 933 hac
1391 894 1547 933 actione
1576 894 1634 933 lu-

285 970 401 1010 minis
436 968 617 1008 tractavit
653 968 756 1008 idem
790 968 1144 1008 Humboldtius
1183 968 1486 1020 (Aphorism.
1524 984 1557 1010 a.
1596 972 1632 1010 d.

286 1048 434 1087 chem.
463 1044 679 1096 Physiol,
711 1046 749 1085 d.
779 1045 866 1085 Pfl.
898 1044 1023 1094 123.)
1062 1068 1114 1076 —
1166 1047 1285 1098 Quod
1320 1059 1419 1086 vero
1454 1059 1534 1085 non
1562 1047 1632 1086 im-

286 1125 397 1176 pedit
448 1122 658 1175 quominus
701 1127 741 1162 et
782 1123 822 1162 vi
866 1123 1089 1174 plantarum
1131 1123 1293 1174 propria
1335 1122 1450 1162 color
1496 1123 1632 1163 viridis

287 1201 385 1241 oriri
414 1203 571 1253 queatr
589 1200 648 1239 uti
676 1200 717 1238 in
746 1200 1046 1252 embryonibus‚
1083 1200 1225 1239 tunicis
1252 1200 1445 1240 seminum
1472 1199 1634 1239 internis

287 1284 362 1319 etc.
392 1291 475 1318 non
502 1289 596 1316 raro
623 1277 813 1317 videmus.

396 1356 548 1395 Versus
591 1353 726 1393 lumen
769 1353 884 1405 dirigi
931 1353 1100 1402 caulem,
1147 1353 1415 1403 notissimum,
1463 1354 1635 1394 cirrhum

286 1446 384 1475 vero
420 1434 603 1484 refugere
638 1432 688 1471 ad
724 1432 879 1472 caulem
914 1435 953 1471 et
992 1431 1144 1471 cirrhos
1178 1432 1260 1481 jam
1302 1431 1448 1471 dictum
1483 1435 1552 1471 est.
1582 1454 1633 1462 —

287 1512 458 1551 Causam
486 1523 558 1548 cur
585 1508 717 1550 lucem
744 1513 933 1562 quaerant
960 1499 1032 1548 cur
1046 1508 1243 1560 refugiant
1264 1508 1528 1548 mechanicam
1547 1509 1636 1553 Du-

287 1586 578 1629 trochetius
605 1587 698 1626 dare
727 1587 855 1627 voluit
881 1581 1045 1637 (Mem.
1073 1585 1112 1626 2.
1141 1585 1241 1634 60.)

398 1664 561 1716 Absque
591 1663 760 1703 calore
788 1664 924 1716 planta
950 1664 1084 1703 vivere
1112 1676 1194 1702 non
1221 1666 1374 1714 potest,
1399 1675 1475 1703 nec
1501 1663 1635 1703 vivere

289 1741 438 1793 incipit.
494 1740 668 1793 Quaevis
704 1740 840 1792 planta
870 1740 1043 1780 calorem
1075 1739 1162 1779 vult
1198 1740 1516 1789 determinatum,
1562 1753 1638 1779 nec

288 1819 395 1859 ultra
434 1828 510 1858 nec
547 1817 651 1857 infra
695 1819 875 1869 perferre
915 1820 1056 1869 potest.
1123 1816 1233 1855 Haec
1266 1816 1316 1855 ad
1350 1816 1638 1868 Geographiam

289 1897 514 1949 plantarum
543 1895 704 1935 ducunt.
766 1894 861 1935 Non
895 1894 1120 1934 moriuntur
1145 1893 1322 1945 plantae,
1363 1894 1456 1945 quia
1493 1906 1639 1945 conge-

291 1975 424 2014 lantur
475 1973 683 2020 humores3
745 1985 864 2024 saepe
919 1971 1148 2023 congelatos
1201 1971 1301 2020 vidi,
1355 1983 1431 2010 nec
1485 1970 1638 2022 plantas

291 2054 482 2091 mortuas.

295 2171 403 2218 149.
473 2168 874 2217 Secretiones
912 2169 963 2215 in
996 2166 1178 2231 plantis
1211 2164 1357 2227 flunt,
1397 2164 1511 2213 dum
1547 2181 1638 2228 per

491 2252 805 2304 membranas
839 2253 1125 2304 cellularum
1160 2258 1208 2301 et
1238 2270 1469 2302 vasorum
1504 2258 1639 2300 tran-

493 2348 648 2394 scunt.

404 2456 451 2495 In
477 2454 584 2495 vasis
612 2454 651 2493 in
682 2454 824 2507 quibus
850 2466 994 2494 succus
1022 2453 1236 2502 adscendit,
1257 2454 1342 2503 jam
1367 2451 1498 2503 aliqua
1523 2462 1639 2502 prae·

295 2533 448 2585 paratio
476 2531 633 2583 incipit;
662 2532 742 2571 vidi
772 2545 794 2570 e
822 2532 998 2584 liquore,
1026 2543 1144 2584 quem
1172 2529 1334 2570 arbores
1361 2541 1456 2570 vere
1483 2526 1639 2576 stillant,
1676 2540 1678 2587 ξ

294 2609 427 2651 statim
453 2609 676 2649 subsedisse
703 2607 991 2660 mucilaginem.
1675 2603 1682 2638 ἓ
