1682 2938
931 139 1014 182 238

311 247 428 287 sectis
466 246 627 297 tribuat,
669 255 750 288 tum
789 251 896 302 quod
931 252 1045 291 nimis
1081 252 1307 304 phantasiae
1354 253 1561 294 indulserit
1601 256 1639 295 in

307 323 500 375 glandulis
547 326 791 365 nectariferis
837 331 875 366 et
922 328 1043 378 signis
1085 329 1350 368 nectariorum
1396 333 1639 383 quaerendis.

308 402 459 442 Contra
485 403 832 442 Henschelium
861 404 1017 456 scripsit
1043 406 1086 445 L.
1116 407 1160 445 C.
1191 407 1515 447 Treviranus:
1549 409 1641 449 Die

309 480 461 519 Lehre
503 493 540 519 v.
578 479 886 520 Geschlecht
923 482 959 522 d.
991 482 1078 521 Pfl.
1122 483 1292 523 Bremen
1321 482 1439 524 1822.
1485 485 1639 525 Verm.

306 557 437 596 Schr.
466 555 505 596 4.
533 556 597 597 95.
636 580 686 588 -
728 556 834 596 Num
869 557 911 597 in
945 559 1176 611 quibusdam
1210 560 1352 611 plantis
1385 561 1534 600 semina
1560 575 1640 602 non

306 635 514 675 fecundata
547 634 766 686 germinare
801 640 869 675 aut
906 636 1037 687 potius
1063 650 1157 675 num
1186 637 1412 677 fecundatio
1442 638 1544 677 sacta
1568 651 1641 690 per

304 712 493 764 quasdum
521 711 796 762 generationes
823 712 969 764 absque
997 714 1232 764 repetitione
1260 715 1401 754 durare
1429 715 1572 766 possit,
1598 718 1642 754 ut

307 788 346 827 in
372 787 550 836 insectis,
584 787 802 839 Aphidibus
831 789 1105 836 observamus;
1160 803 1254 830 num
1282 803 1440 843 quoque
1477 792 1639 843 embryo

305 865 452 917 absque
480 864 755 904 secundatione
782 865 943 904 formari
970 866 1113 917 possit,
1156 867 1223 919 qui
1255 880 1352 907 vero
1385 881 1465 908 non
1499 869 1640 920 germi-

304 947 388 990 net,
430 941 526 980 haec
568 941 698 980 omnia
733 954 813 980 non
849 941 964 981 facile
997 942 1173 982 dixerim.
1237 944 1428 996 Equidem
1463 946 1640 996 repetitis

303 1017 643 1057 observationibus
679 1018 934 1069 embryonem
962 1023 1052 1058 ante
1087 1020 1401 1059 fecundationem
1429 1034 1639 1074 numquam

303 1093 509 1134 observavi
564 1094 664 1143 (cfr.
702 1094 994 1134 Fontanesii
1032 1095 1427 1137 Observationes
1463 1098 1520 1138 de
1558 1099 1639 1137 Ca-

303 1171 416 1211 nabi
443 1171 711 1222 negativas.
767 1170 817 1211 N.
846 1170 961 1211 Ann.
992 1173 1027 1211 d.
1057 1173 1175 1212 Mus.
1206 1172 1241 1214 1.
1268 1172 1393 1222 265.).

408 1303 652 1354 Argumenta
679 1315 779 1355 quae
807 1315 947 1342 sexum
973 1304 1196 1355 plantarum
1222 1305 1410 1356 probant,
1445 1311 1537 1346 sunt
1572 1307 1640 1346 ob-

302 1381 546 1420 servationes
568 1381 652 1430 jam
681 1380 827 1419 dudum
855 1381 895 1419 in
922 1381 1066 1432 plantis
1095 1380 1251 1430 dioicis,
1279 1394 1353 1420 nec
1381 1395 1462 1422 non
1489 1384 1641 1423 monoi-

302 1457 358 1496 cis
387 1458 511 1496 factae
537 1460 575 1495 et
602 1457 811 1509 quotannis
840 1458 1041 1509 repetitae.
1094 1457 1186 1498 Non
1214 1459 1357 1498 desunt
1385 1473 1542 1513 quoque
1571 1473 1638 1500 ex-

300 1534 519 1585 perimenta
560 1533 601 1572 in
630 1534 749 1573 variis
786 1534 930 1586 plantis
967 1535 1114 1575 directe
1158 1535 1354 1584 instituta,
1410 1537 1459 1576 de
1497 1537 1636 1590 quibus

299 1611 417 1650 modo
458 1611 639 1652 diximus.
694 1611 931 1651 Praesertim
966 1625 1063 1652 vero
1099 1614 1176 1652 huc
1213 1613 1419 1652 referenda
1453 1617 1544 1653 sunt
1572 1626 1638 1652 ex-

299 1687 515 1738 perimenta
543 1688 592 1727 de
619 1687 735 1739 prole
763 1688 928 1739 hybrida
951 1688 1136 1738 instituta,
1166 1704 1266 1742 quae
1294 1690 1470 1742 inprimis
1494 1689 1636 1730 Koel-

299 1770 502 1804 reutero
532 1764 717 1803 debemus
747 1765 1071 1818 (Vorlaufige
1094 1766 1372 1806 Nachricht
1401 1779 1492 1806 von
1521 1767 1638 1806 eini-

297 1853 408 1892 gen,
455 1841 539 1880 das
571 1840 875 1880 Geschlecht
918 1843 954 1881 d.
991 1842 1231 1883 Pflanzen
1274 1843 1637 1892 betreffenden,

297 1918 334 1956 V
347 1930 461 1957 ersu
473 1918 608 1966 chen,
640 1917 747 1969 Leip.
778 1917 895 1958 1761.
947 1920 1061 1959 Erste
1090 1921 1284 1960 Fortsetz.
1315 1919 1431 1960 1763.
1488 1919 1636 1959 Zweite

296 1995 491 2034 Fortsetz.
522 1994 642 2034 1764.
698 1994 829 2034 Dritte
857 1995 890 2034 F
893 2000 1050 2035 ortsetz.
1081 1995 1199 2039 1766.
1255 1998 1517 2037 Comment.
1553 1995 1633 2036 Ac.

296 2072 474 2111 Theod.
515 2071 612 2111 Pal.
650 2072 697 2110 V.
720 2070 758 2111 3.
800 2071 866 2110 01.
900 2073 1036 2123 phys.
1071 2087 1109 2124 p.
1136 2071 1201 2114 21.
1258 2073 1307 2113 N.
1351 2074 1452 2114 Act.
1492 2073 1633 2113 Acad.

295 2149 419 2187 Petr.
450 2149 495 2187 T.
519 2147 582 2188 14.
611 2162 649 2200 p.
670 2148 798 2198 373.).
855 2148 956 2188 Sunt
983 2163 1141 2202 quoque
1171 2154 1211 2190 et
1238 2150 1314 2190 alia
1343 2164 1366 2190 a
1393 2150 1631 2202 Knightio

294 2224 494 2275 descripta
533 2223 749 2274 (Philos.
790 2226 863 2264 Tr.
902 2224 1020 2266 1799.
1055 2227 1098 2266 P.
1116 2226 1155 2266 2.
1191 2239 1228 2278 p.
1245 2226 1336 2267 195.
1368 2225 1487 2267 1809.
1523 2227 1566 2265 Ρ.
1596 2225 1633 2266 1.

293 2314 331 2352 p.
348 2300 441 2340 392.
478 2301 611 2341 Linn.
651 2303 723 2341 Tr.
761 2304 806 2342 T.
825 2301 888 2343 12.
916 2317 954 2354 p.
972 2302 1089 2353 362.)
1127 2308 1211 2344 tum
1245 2317 1403 2356 quoque
1430 2317 1454 2343 a
1480 2303 1635 2354 Wieg-

293 2390 468 2416 manno
497 2379 683 2427 (Ueber
711 2380 746 2419 d.
765 2380 1260 2432 Bastarterzeugung
1288 2380 1347 2419 im
1375 2380 1633 2420 Pflanzen-

293 2455 479 2503 reiche‚
513 2455 766 2495 Braunschw.
811 2455 928 2496 1828.
966 2470 1041 2496 nec
1075 2470 1156 2497 non
1191 2457 1342 2497 Flora
1378 2458 1422 2497 T.
1440 2456 1503 2497 13.
1540 2455 1630 2496 123.

292 2532 338 2571 Τ.
357 2530 423 2571 14.
439 2530 540 2580 24).
597 2533 832 2577 Praesertim
860 2546 957 2573 vero
987 2534 1065 2585 legi
1094 2538 1305 2582 merentur,
1334 2546 1434 2586 quae
1463 2533 1633 2573 Gaert-

291 2620 442 2648 nerus
469 2608 543 2649 hac
571 2609 619 2648 de
648 2621 691 2648 re
708 2610 867 2661 scripsit
895 2609 1374 2659 (Naturwissensch.
1391 2611 1424 2650 A
1437 2610 1628 2650 bhandl.
