1682 2938
922 142 1005 184 260

292 248 394 288 lelos
430 249 469 287 in
495 248 695 290 valvarum
738 252 879 303 pagina
914 254 1099 293 interiore
1138 254 1354 294 decurrunt
1388 257 1634 307 sporophora

295 325 336 364 in
366 325 571 375 Gentiana,
600 327 827 367 tenuissima
855 342 878 367 a
906 330 1036 368 nervis
1067 330 1161 381 ipsis
1191 331 1255 369 vix
1285 332 1557 383 discrepantia.
1582 356 1632 362 —

295 401 553 453 Sporophora
587 404 666 443 duo
694 404 806 453 linter
842 404 975 445 valvas
1011 406 1224 445 decurrunt
1261 408 1362 447 inter
1403 421 1445 447 se
1475 409 1636 461 dissepi-

295 482 427 518 mento
449 480 598 530 juncta,
627 481 718 520 hinc
748 482 934 533 opposita
959 482 998 521 in
1019 483 1244 532 Cruciferis,
1273 496 1373 535 quae
1389 486 1550 536 capsula
1577 486 1636 525 si-

296 555 330 594 li
341 569 365 608 q
375 569 402 594 u
411 569 434 595 a
459 557 594 596 vocari
621 557 733 597 solet.
790 559 834 597 In
862 572 1006 610 genere
1029 559 1148 611 igitur
1162 564 1254 599 sunt
1269 562 1515 612 sporophora
1542 576 1566 601 v
1575 562 1636 602 al-

296 632 433 672 varia
461 638 530 673 aut
558 633 773 673 interval
786 636 934 674 varia.

406 807 450 846 ln
481 808 746 859 Legumine
782 810 1032 861 sporophora
1066 812 1145 850 duo
1174 817 1266 851 sunt
1304 812 1342 850 in
1370 813 1544 864 margine
1573 826 1636 852 su-

297 883 456 934 periore
484 885 669 935 capsulae
691 886 806 934 juxta
833 885 973 937 posita,
1002 886 1152 927 semina
1179 887 1401 927 alternatim
1423 889 1636 936 nectentia3

298 959 498 999 fasciculis
533 973 720 1000 vasorum
754 975 825 1001 seu
863 975 987 1002 nervo
1017 962 1102 1001 folii
1130 965 1260 1003 medio
1289 964 1482 1015 opposito.
1538 965 1637 1015 Spo-

300 1036 472 1087 rophora
500 1036 582 1086 ista,
611 1037 646 1076 si
673 1043 855 1078 accurate
885 1039 1214 1090 contemplaveris
1242 1044 1332 1079 sunt
1360 1041 1439 1079 duo
1463 1041 1639 1080 fasciculi

299 1124 484 1151 vasorum
512 1113 561 1152 ad
589 1114 840 1154 columellam
869 1115 1128 1166 pertinentes,
1164 1129 1264 1169 quae
1297 1117 1414 1168 igitur
1441 1117 1638 1156 dimidiata

300 1193 361 1228 est
389 1193 428 1228 et
455 1188 545 1229 inde
575 1194 702 1230 totum
729 1191 992 1243 pericarpium
1018 1192 1267 1232 dimidiatum.
1310 1215 1362 1221 —
1418 1193 1552 1232 Simile
1582 1198 1640 1233 est
1668 1231 1671 1235 ,

300 1266 565 1318 pericarpium
581 1268 802 1307 Prunorum
818 1273 996 1320 tempore
1012 1282 1091 1321 quo
1109 1270 1283 1308 nondum
1310 1271 1517 1310 maturavit
1543 1284 1640 1310 con-

300 1343 578 1394 templandum,
606 1345 677 1383 sed
705 1345 823 1385 ovula
848 1346 927 1385 duo
956 1349 1105 1385 tantum
1134 1346 1323 1396 continet,
1352 1360 1520 1399 quorum
1547 1347 1642 1386 alte-

301 1431 389 1459 rum
416 1432 575 1472 semper
601 1427 692 1461 ante
720 1422 985 1462 maturitatem
1014 1423 1124 1474 perit.

412 1586 613 1636 Legumen
659 1599 747 1627 esse
789 1601 906 1639 carp
918 1588 1065 1628 ellum
1108 1590 1345 1641 particulare
1389 1602 1410 1628 e
1444 1592 1642 1628 structura

304 1661 570 1712 carpellorum
598 1663 639 1702 in
663 1664 978 1704 Ranunculaceis
992 1669 1110 1716 patet.
1147 1666 1191 1704 In
1219 1667 1303 1705 basi
1330 1665 1526 1717 germinis,
1555 1678 1587 1704 e.
1602 1677 1637 1715 g.

303 1736 507 1777 Hellebori
536 1739 672 1779 foetidi
699 1740 767 1779 ubi
795 1740 968 1791 carpella
996 1748 1165 1781 connata
1191 1747 1292 1791 sunt,
1323 1742 1499 1781 invenies
1526 1741 1640 1781 fasci-

305 1813 417 1853 culos
450 1826 636 1855 vasorum
671 1828 764 1864 seX‚
804 1829 876 1867 per
910 1817 1019 1868 paria
1057 1817 1286 1868 dispositos,
1333 1818 1473 1869 quibus
1502 1819 1642 1857 adnata

304 1894 396 1930 sunt
422 1890 686 1931 loculamenta
712 1892 798 1941 tria,
828 1893 1017 1932 fasciculo
1045 1893 1236 1933 instructa
1263 1894 1415 1942 duobus
1444 1894 1642 1934 fasciculis

305 1967 507 2019 opposito,
535 1981 700 2009 nervum
727 1969 897 2008 medium
926 1970 1010 2008 folii
1038 1969 1206 2009 valvaris
1235 1970 1405 2010 sistente.
1461 1971 1641 2022 Superne

306 2044 484 2084 fasciculi
513 2045 591 2084 duo
618 2046 825 2086 interiores
853 2047 903 2085 ad
923 2046 1026 2086 latus
1046 2047 1259 2086 flectuntur
1278 2051 1316 2086 et
1334 2048 1529 2099 singulum
1559 2061 1641 2087 car-

304 2120 453 2171 pellum
481 2121 632 2171 sistunt,
662 2123 835 2173 margine
863 2123 1050 2166 interiore
1074 2124 1222 2163 semina
1250 2137 1389 2175 gerens
1419 2130 1458 2164 et
1486 2125 1642 2176 quidem

304 2196 365 2235 uti
394 2197 577 2249 legumen
606 2199 647 2237 in
674 2199 874 2239 fasciculis
903 2212 1087 2239 vasorum
1115 2201 1279 2249 duobus,
1307 2202 1374 2253 qui
1401 2202 1556 2240 tandem
1582 2213 1643 2240 se-

305 2278 514 2324 parantur,
547 2276 742 2326 margines
771 2275 855 2316 folii
885 2277 1124 2316 exhibentes.
1180 2277 1280 2317 Hinc
1309 2279 1471 2317 credere
1499 2278 1639 2329 possis,

307 2351 457 2392 semina
486 2353 722 2404 marginibus
752 2353 939 2392 foliorum
969 2366 1055 2393 esse
1084 2354 1233 2393 adnata.

414 2516 584 2568 Capsula
619 2517 818 2567 parietalis
856 2523 894 2557 et
930 2519 1112 2559 centralis
1146 2523 1205 2558 est
1241 2520 1400 2570 capsula
1436 2532 1508 2558 seu
1535 2532 1638 2570 pepo

306 2591 714 2634 Cucurbitacearume
731 2587 987 2646 Sporophor'a
1015 2595 1389 2646 parietaliaenervo
1417 2597 1546 2636 medio
1559 2597 1639 2637 val-
