1682 2938
915 143 1027 183 98.

270 256 310 291 et
336 251 432 303 quid
460 250 601 301 refert,
647 250 687 290 in
715 254 823 291 tanta
850 252 1050 303 barbarie,
1095 267 1145 294 an
1174 256 1473 306 monosepalum
1502 257 1621 307 dieas,

268 341 319 368 an
361 327 677 379 gamosepalum?
749 328 882 382 Calyx
923 331 970 369 ad
1015 331 1124 371 basin
1176 333 1342 383 partitus
1394 334 1621 373 difficillime

268 418 387 457 saepe
414 418 438 444 a
466 404 602 456 calyce
639 404 876 457 polyphyllo
915 408 1178 460 distinguitur.
1244 409 1437 461 Equidem
1474 411 1522 450 ad
1557 411 1622 450 ba·
1675 416 1681 422 '

268 482 329 521 sin
355 482 544 534 partitum
573 481 760 531 dixerim,
798 484 866 536 qui
893 484 1115 538 hypanthio
1151 491 1212 525 sat
1241 487 1428 526 distincto
1456 481 1622 539 imponi-

267 563 350 609 tur,
388 559 485 599 alias
518 559 813 613 polyphyllum.
889 562 1022 616 Calyx
1062 564 1349 617 monophyllus
1385 565 1514 604 rarius
1550 578 1621 604 ore

267 637 420 688 integer
448 642 520 687 est,
549 638 775 690 saepissime
794 638 943 679 incisus
971 640 1012 679 in
1039 642 1149 681 varia
1177 646 1441 692 segmenta,
1471 646 1510 682 et
1539 642 1623 695 qui-

267 714 367 762 dem,
396 715 430 753 si
454 714 582 754 levior
610 716 729 755 fuerit
744 716 978 770 phyllorum
1000 719 1210 770 separatio,
1240 720 1494 759 bi-multif
1500 720 1621 769 idus,

265 790 299 830 si
326 791 565 843 profundior
591 792 1058 844 bi-multipartitus.
1095 795 1242 848 Phylla
1269 796 1413 847 partim
1440 801 1622 848 separata

268 873 335 908 aut
362 869 537 908 dentes
574 869 749 909 minores
787 875 856 910 aut
890 871 1103 912 lacinias
1147 874 1320 924 majores
1367 874 1620 914 constituunt.

267 946 402 1000 Calyx
430 959 573 987 revera
607 946 819 999 plusquam
854 949 1136 1000 monophyllus
1170 962 1240 989 seu
1275 951 1361 1002 pol
1370 952 1470 1004 yph
1478 951 1620 1004 yllus

269 1028 339 1072 est,
367 1023 401 1062 si
430 1023 585 1074 singula
611 1024 750 1075 phylla
779 1025 947 1064 seorsim
972 1026 1169 1066 decidunt.

380 1153 611 1194 Secundum
639 1156 806 1195 formam
837 1155 970 1209 calyx,
999 1157 1049 1196 sit
1076 1171 1126 1206 ne
1155 1161 1440 1213 monophyllus
1475 1174 1524 1200 an
1551 1173 1623 1212 po-

267 1231 500 1285 lyphyllus,
529 1233 780 1284 regularis
808 1237 887 1282 est,
923 1233 958 1273 si
992 1239 1066 1285 pe‘r
1105 1235 1201 1275 duas
1229 1237 1428 1276 sectiones
1457 1237 1497 1276 in
1526 1237 1622 1277 duas

268 1312 402 1360 partes
439 1309 626 1361 aequales
663 1309 785 1350 dividi
811 1314 957 1362 potest,
987 1310 1083 1350 alias
1120 1312 1432 1365 irregularis.
1491 1314 1622 1367 Calyx

267 1385 499 1438 aequalis
529 1386 690 1437 dicitur,
727 1387 761 1426 si
790 1389 922 1427 omnia
953 1388 1089 1439 phylla
1117 1394 1184 1432 aut
1213 1396 1417 1442 segmenta
1449 1392 1622 1442 ejusdem

266 1462 526 1514 longitudinis
553 1467 665 1513 sunt,
708 1464 1016 1517 inaequalis,
1056 1464 1090 1504 si
1125 1466 1270 1506 variae.
1328 1468 1455 1519 Calyx
1483 1482 1625 1521 aequa—

267 1539 317 1580 lis
346 1553 505 1592 semper
532 1540 725 1592 regularis
756 1546 833 1591 est,
870 1543 942 1582 sed
970 1543 1087 1594 calyx
1114 1543 1330 1596 inaequalis
1358 1559 1439 1585 non
1468 1558 1625 1596 semper

267 1617 514 1670 irregularis,
553 1617 676 1671 calyx
712 1619 816 1658 enim
844 1620 996 1673 phyllis
1025 1620 1181 1660 duobus
1214 1622 1408 1672 oppositis
1436 1622 1627 1673 longiori-

266 1696 341 1735 bus
371 1699 411 1735 et
439 1694 688 1748 aequalibus,
726 1697 881 1736 duobus
911 1697 1107 1749 oppositis
1134 1698 1380 1738 brevioribus
1416 1699 1455 1738 et
1482 1713 1625 1752 aequa-

267 1773 374 1812 libus
403 1772 595 1824 regularis
626 1777 686 1812 est
716 1774 785 1813 sed
812 1774 1043 1827 inaequalis.
1102 1775 1233 1827 Calyx
1263 1776 1455 1826 regularis
1493 1781 1534 1815 et
1561 1789 1625 1815 ae-

267 1849 397 1902 qualis
432 1862 506 1901 per
541 1850 674 1889 varios
710 1851 854 1902 gradus
890 1851 940 1889 ad
974 1850 1162 1890 labiatum
1198 1852 1357 1900 transit,
1406 1853 1473 1904 qui
1512 1853 1624 1904 quasi

268 1931 375 1967 meta
404 1931 444 1966 et
470 1939 617 1979 scopus
647 1927 936 1981 inaequalitatis
966 1932 1005 1967 et
1033 1928 1331 1979 irregularitatis
1361 1934 1433 1967 est.
1491 1929 1622 1982 Calyx

268 2004 489 2044 labiatus
519 2018 540 2043 e
567 2005 718 2059 phyllis
749 2009 917 2054 constat,
949 2005 1175 2057 saepissime
1205 2005 1394 2054 connatis,
1424 2006 1509 2045 aliis
1538 2019 1624 2046 sur-

269 2094 375 2130 sum,
411 2080 496 2120 aliis
526 2082 713 2122 deorsum
743 2082 917 2122 directis.
974 2083 1133 2133 Duplex
1164 2096 1261 2123 vero
1291 2087 1350 2122 est
1378 2082 1532 2134 species
1562 2096 1625 2122 ca-

268 2158 374 2211 lycis
402 2158 537 2198 labiati
565 2158 681 2199 valde
711 2160 878 2208 diversa,
908 2159 1007 2198 alius
1038 2159 1142 2199 enim
1171 2165 1232 2199 est
1261 2174 1293 2199 c.
1310 2164 1450 2198 recta
1477 2159 1625 2199 labia-

270 2239 350 2274 tus
379 2247 450 2275 seu
478 2234 523 2288 ξ,
556 2236 705 2290 phyllis
735 2237 889 2277 duobus
919 2249 1095 2285 sursum,
1135 2236 1261 2276 tribus
1301 2237 1488 2276 deorsum
1523 2237 1625 2276 dire-

271 2312 355 2362 ctis,
366 2315 411 2351 ut
425 2312 784 2364 inPapilionaceis3
802 2314 902 2354 alius
916 2327 1011 2354 vere
1033 2315 1112 2354 inv
1122 2328 1142 2353 e
1154 2327 1202 2353 rs
1213 2328 1234 2353 e
1263 2314 1340 2354 lab
1350 2314 1495 2363 iatus,
1509 2314 1626 2368 phyl-

270 2389 322 2430 lis
349 2389 475 2439 tribus
505 2372 673 2440 sursum,
704 2392 858 2431 duobus
886 2392 1076 2432 deorsum
1105 2392 1275 2441 directis,
1305 2396 1349 2430 ut
1375 2391 1415 2430 in
1442 2390 1623 2430 Labiatis.

270 2465 482 2507 Alternant
519 2467 623 2506 enim
658 2468 721 2508 hic
767 2468 842 2508 tria
878 2470 1019 2524 phylla
1054 2469 1279 2522 superiora,
1333 2481 1423 2507 cum
1471 2468 1624 2508 duobus

268 2545 420 2598 phyllis
447 2544 583 2597 galeae
614 2545 815 2593 connatis,
863 2560 952 2586 cum
990 2546 1031 2586 in
1059 2545 1347 2599 Papilionaceis
1385 2545 1459 2585 tria
1485 2543 1624 2598 phylla

270 2620 460 2662 inferiora
489 2635 579 2663 cum
609 2622 764 2661 duobus
793 2623 944 2675 phyllis
976 2623 1131 2663 carinae
1162 2622 1340 2663 connatis
1368 2622 1575 2661 alternent.
