1682 2938
852 126 856 129 ’
886 125 968 168 150

252 236 364 289 quin
402 234 603 275 Tendon
637 233 754 274 Ann.
791 236 826 275 d.
855 249 915 277 sc.
943 241 1033 277 nat.
1062 236 1127 277 27.
1156 234 1248 276 225.
1305 237 1406 276 Sunt
1433 249 1589 289 quoque

253 313 377 353 multa
405 313 446 352 in
475 312 798 364 Ephemeridibus
827 314 1008 366 exempla
1036 314 1224 364 dispersa.

362 399 459 441 Axis
489 399 709 452 elongatio,
738 414 853 452 quam
881 402 1122 441 diastasin
1150 402 1385 451 vocaverim,
1420 401 1460 440 in
1487 399 1594 440 flori·
1645 413 1656 419 ”

253 477 328 516 bus
353 477 481 528 plenis
509 490 628 528 saepe
650 478 824 518 occurrit
839 479 1079 528 (Barbaraea
1093 478 1298 530 vulgaris),
1327 491 1398 529 per
1425 490 1467 516 se
1495 489 1592 516 vero

254 552 385 592 rarior
411 557 481 593 est.
538 554 646 594 Vidit
681 555 1043 606 Engelmannus
1085 555 1261 606 calycem
1297 569 1320 594 a
1340 554 1507 594 >corolla
1533 566 1595 592 re-

254 633 405 669 motum
434 629 476 669 in
503 629 684 683 Anagalli
710 632 928 684 phoenicea
964 632 1010 680 (l.
1038 645 1070 672 c.
1098 631 1198 681 42.)
1262 630 1499 671 Necessario
1529 629 1597 668 ad-

257 709 327 756 est,
355 706 391 746 si
417 707 491 747 flos
519 721 690 759 gemmas
718 710 873 761 profert
901 713 967 748 aut
994 709 1034 748 in
1062 722 1213 748 ramum
1243 708 1449 748 excrescit.

364 805 642 857 Multiplicatio
678 807 849 859 partium
882 807 1010 856 floris,
1053 821 1153 860 quae
1187 807 1406 859 plerosis
1436 806 1596 854 dicatur,
1658 815 1667 835 s„

1663 851 1667 863 ᾳ
1654 671 1671 786 μόμκύ-,μ
1654 619 1666 662 ,μς-Α
1658 540 1667 609 &uma
1658 490 1664 523 ‚as
1658 446 1659 451 Α

258 881 299 922 in
342 883 574 935 quibusdam
619 884 794 935 partibus
841 884 1122 936 vulgatissima.
1191 884 1334 923 Rarior
1379 883 1420 922 in
1463 883 1597 933 calyce
1659 869 1663 871 Α

259 958 524 1011 (Gampanula
540 960 814 1011 persicifolia),
842 961 1040 1000 interdum
1068 975 1158 1000 cum
1186 961 1440 1012 absorptione
1469 958 1599 998 corol-
1659 951 1669 976 Ψ

259 1035 322 1076 lae
357 1037 515 1086 (eadem
549 1036 827 1087 Campanula);
877 1037 1190 1089 frequentissima
1217 1038 1258 1076 in
1284 1037 1403 1089 petali
1431 1041 1470 1075 et
1496 1035 1599 1087 peri-

260 1112 369 1164 gonii
403 1113 565 1164 phyllis,
608 1113 733 1152 multo
768 1116 899 1152 tamen
934 1113 1179 1165 frequentior
1213 1116 1253 1152 in
1288 1113 1525 1165 polypetalis
1561 1117 1604 1151 et.

260 1190 515 1242 polyphyllis,
543 1203 590 1230 ac
617 1190 658 1229 in
686 1189 951 1241 monopetalis
981 1194 1019 1229 et
1036 1190 1312 1241 monophyllis,
1338 1190 1534 1229 rarissima
1560 1189 1602 1227 in
1673 1238 1675 1242 Α

263 1267 416 1307 corolla
441 1266 585 1306 labiata
613 1272 653 1306 et
680 1267 960 1318 papilionacea.
1016 1266 1153 1306 Petala
1179 1266 1320 1305 labiata
1343 1267 1383 1305 in
1398 1264 1603 1318 Aquilegia

263 1338 405 1383 eodem
432 1343 552 1384 modo
574 1343 896 1395 multiplicantur,
926 1356 1006 1395 quo
1036 1343 1213 1383 corollae
1241 1342 1514 1394 monopetalae
1542 1353 1603 1380 re-

265 1420 443 1472 gulares,
471 1432 552 1459 uno
580 1420 734 1459 scilicet
761 1420 895 1471 petalo
924 1420 1027 1459 intra
1055 1420 1162 1460 aliud
1189 1421 1348 1460 inserto.
1404 1419 1605 1458 Interdum
1676 1426 1677 1430 ’

265 1496 307 1536 in
333 1496 541 1548 perigonio
569 1496 828 1548 monophyllo
857 1496 1135 1548 multiplicato,
1163 1497 1354 1536 interiora
1381 1496 1516 1548 phylla
1545 1508 1605 1535 se·
1678 1507 1679 1510 ’

264 1578 400 1625 parata
428 1578 521 1613 sunt
548 1573 852 1624 (Hyacinthus),
894 1574 985 1613 hinc
1019 1578 1162 1613 statum
1199 1573 1493 1625 monopetalum
1522 1585 1606 1612 esse
1661 1578 1675 1591 ·

268 1650 522 1702 originarium
559 1649 716 1702 quidam
743 1651 925 1690 Botanici
961 1655 1160 1702 putarunt.
1216 1651 1443 1690 Petalorum
1477 1649 1608 1689 multi-

266 1728 430 1780 plicatio
472 1727 638 1769 subinde
683 1730 792 1767 tanta
838 1731 915 1777 est,
966 1732 1012 1766 ut
1054 1731 1211 1778 praeter
1253 1728 1429 1778 calycem
1471 1738 1608 1766 omnes

267 1805 442 1858 reliquae
469 1808 600 1857 partes
631 1804 918 1843 absorbeantur
946 1804 1223 1853 (Ranunculus
1253 1803 1386 1854 acris).
1444 1803 1610 1854 Semper
1675 1835 1682 1858 ᾧ

267 1895 367 1923 vero
392 1881 578 1922 verticilli
605 1881 749 1932 integri
775 1881 1057 1930 adnascuntur,
1082 1881 1315 1933 plerumque
1344 1880 1488 1932 digyri3
1517 1880 1609 1918 hinc
1678 1863 1682 1886 ³

269 1958 477 1998 alternatio
515 1962 553 1997 et
587 1958 787 2010 oppositio
822 1959 863 1997 in
901 1957 1054 1997 corolla
1088 1957 1344 2009 multiplicata
1379 1958 1514 1997 eadem
1550 1960 1610 1996 est

271 2049 318 2075 ac
346 2035 387 2074 in
414 2035 594 2086 simplici.
650 2035 828 2075 Stamina
861 2048 979 2086 saepe
1007 2034 1124 2074 simul
1152 2034 1501 2086 multiplicantur‚·
1526 2046 1610 2073 sae-

271 2112 360 2164 pius
395 2125 553 2165 quoque
587 2112 628 2151 in
654 2112 785 2164 petala
811 2116 959 2151 mutata
987 2116 1080 2151 sunt
1123 2111 1401 2161 (Cheiranthus
1442 2109 1612 2159 Cheiri);

272 2189 401 2229 rarius
435 2189 598 2241 pistilla,
641 2189 885 2242 frequentius
921 2188 1100 2240 stigmata
1140 2188 1324 2239 (Tulipa)
1359 2188 1614 2239 multiplicata

275 2271 502 2307 occurrunt.
565 2267 660 2307 Non
695 2280 787 2306 raro
824 2279 961 2305 omnes
1002 2266 1075 2305 hae
1113 2265 1460 2317 multiplicationes
1496 2263 1613 2303 simul
1678 2279 1680 2285 ⁸

275 2343 428 2392 adsunt,
454 2343 606 2383 rariore
635 2343 782 2395 calycis
810 2349 986 2395 excepta.
1041 2386 1045 2393 ‚

385 2442 549 2493 Epano
560 2442 638 2481 dia
674 2447 734 2482 est
769 2442 916 2482 reditus
950 2443 1121 2493 partium
1154 2440 1393 2480 internarum
1430 2440 1479 2479 ad
1508 2443 1614 2479 exte-

277 2518 384 2558 riora
420 2522 458 2558 et
490 2519 647 2557 tandem
682 2520 732 2558 ad
766 2519 929 2569 extima,
965 2519 1013 2558 ad
1051 2518 1146 2558 folia
1186 2516 1344 2556 scilicet.
1400 2516 1613 2556 Levissima

278 2600 356 2645 cst,
404 2595 437 2634 si
463 2607 554 2647 pars
583 2595 760 2635 colorata
792 2595 970 2644 virescit,
1013 2596 1119 2647 quod
1148 2594 1375 2646 praesertim
1412 2594 1451 2632 in
1478 2591 1612 2642 calyce
