<?xml version="1.0" encoding="UTF-8"?>
<!DOCTYPE html PUBLIC "-//W3C//DTD XHTML 1.0 Transitional//EN"
    "http://www.w3.org/TR/xhtml1/DTD/xhtml1-transitional.dtd">
<html xmlns="http://www.w3.org/1999/xhtml" xml:lang="en" lang="en">
 <head>
  <title>
</title>
<meta http-equiv="Content-Type" content="text/html;charset=utf-8" />
  <meta name='ocr-system' content='tesseract 3.04.00' />
  <meta name='ocr-capabilities' content='ocr_page ocr_carea ocr_par ocr_line ocrx_word'/>
</head>
<body>
  <div class='ocr_page' id='page_1' title='image "./elementaphilosop02linkuoft_0188.png"; bbox 0 0 1682 2938; ppageno 0'>
   <div class='ocr_carea' id='block_1_1' title="bbox 856 112 974 166">
    <p class='ocr_par' dir='ltr' id='par_1_1' title="bbox 856 112 974 166">
     <span class='ocr_line' id='line_1_1' title="bbox 856 112 974 166; baseline 0 0"><span class='ocrx_word' id='word_1_1' title='bbox 856 112 859 116; x_wconf 78' lang='grc'>’</span> <span class='ocrx_word' id='word_1_2' title='bbox 891 124 974 166; x_wconf 84' lang='lat'>166</span> 
     </span>
    </p>
   </div>
   <div class='ocr_carea' id='block_1_2' title="bbox 261 219 1674 361">
    <p class='ocr_par' dir='ltr' id='par_1_2' title="bbox 261 219 1674 361">
     <span class='ocr_line' id='line_1_2' title="bbox 261 219 1674 289; baseline 0.004 -18"><span class='ocrx_word' id='word_1_3' title='bbox 261 232 336 271; x_wconf 81' lang='lat' dir='ltr'>sita</span> <span class='ocrx_word' id='word_1_4' title='bbox 361 232 626 285; x_wconf 83' lang='lat' dir='ltr'>monadelpha</span> <span class='ocrx_word' id='word_1_5' title='bbox 653 233 800 283; x_wconf 78' lang='lat' dir='ltr'>forent,</span> <span class='ocrx_word' id='word_1_6' title='bbox 842 234 919 275; x_wconf 92' lang='lat' dir='ltr'>nisi</span> <span class='ocrx_word' id='word_1_7' title='bbox 952 219 997 275; x_wconf 31' lang='lat' dir='ltr'>&#39;in</span> <span class='ocrx_word' id='word_1_8' title='bbox 1032 236 1206 289; x_wconf 90' lang='lat' dir='ltr'>quinque</span> <span class='ocrx_word' id='word_1_9' title='bbox 1239 240 1420 287; x_wconf 85' lang='lat' dir='ltr'>separata</span> <span class='ocrx_word' id='word_1_10' title='bbox 1457 236 1604 276; x_wconf 82' lang='lat' dir='ltr'>fuerint</span> <span class='ocrx_word' id='word_1_11' title='bbox 1651 243 1674 276; x_wconf 56' lang='lat' dir='ltr'><em>s</em></span> 
     </span>
     <span class='ocr_line' id='line_1_3' title="bbox 261 303 1527 361; baseline 0.005 -14"><span class='ocrx_word' id='word_1_12' title='bbox 261 308 488 361; x_wconf 80' lang='lat' dir='ltr'>phalanges,</span> <span class='ocrx_word' id='word_1_13' title='bbox 516 314 561 349; x_wconf 90' lang='lat' dir='ltr'>ut</span> <span class='ocrx_word' id='word_1_14' title='bbox 588 310 630 349; x_wconf 92' lang='lat' dir='ltr'>in</span> <span class='ocrx_word' id='word_1_15' title='bbox 658 311 783 351; x_wconf 88' lang='lat' dir='ltr'>Gitro.</span> <span class='ocrx_word' id='word_1_16' title='bbox 1525 303 1527 306; x_wconf 17' lang='lat' dir='ltr'>V</span> 
     </span>
    </p>
   </div>
   <div class='ocr_carea' id='block_1_3' title="bbox 262 396 1657 1744">
    <p class='ocr_par' dir='ltr' id='par_1_3' title="bbox 262 396 1661 1744">
     <span class='ocr_line' id='line_1_4' title="bbox 372 396 1657 451; baseline 0.003 -16"><span class='ocrx_word' id='word_1_17' title='bbox 372 396 508 436; x_wconf 90' lang='lat' dir='ltr'>Tubus</span> <span class='ocrx_word' id='word_1_18' title='bbox 536 397 611 438; x_wconf 88' lang='lat' dir='ltr'>iste</span> <span class='ocrx_word' id='word_1_19' title='bbox 639 411 661 437; x_wconf 89' lang='lat' dir='ltr'>e</span> <span class='ocrx_word' id='word_1_20' title='bbox 689 411 769 451; x_wconf 92' lang='lat' dir='ltr'>quo</span> <span class='ocrx_word' id='word_1_21' title='bbox 797 397 996 438; x_wconf 81' lang='lat' dir='ltr'>filamenta</span> <span class='ocrx_word' id='word_1_22' title='bbox 1030 399 1071 438; x_wconf 94' lang='lat' dir='ltr'>in</span> <span class='ocrx_word' id='word_1_23' title='bbox 1098 398 1386 450; x_wconf 85' lang='lat' dir='ltr'>Papilionaceis</span> <span class='ocrx_word' id='word_1_24' title='bbox 1416 412 1606 439; x_wconf 89' lang='lat' dir='ltr'>enascun-</span> <span class='ocrx_word' id='word_1_25' title='bbox 1655 415 1657 418; x_wconf 69' lang='grc'>’</span> 
     </span>
     <span class='ocr_line' id='line_1_5' title="bbox 262 473 1607 528; baseline 0.004 -17"><span class='ocrx_word' id='word_1_26' title='bbox 262 475 330 512; x_wconf 87' lang='lat' dir='ltr'>tur</span> <span class='ocrx_word' id='word_1_27' title='bbox 368 473 526 513; x_wconf 90' lang='lat' dir='ltr'>minime</span> <span class='ocrx_word' id='word_1_28' title='bbox 565 478 674 514; x_wconf 88' lang='lat' dir='ltr'>totus</span> <span class='ocrx_word' id='word_1_29' title='bbox 715 480 884 528; x_wconf 87' lang='lat' dir='ltr'>quantus</span> <span class='ocrx_word' id='word_1_30' title='bbox 925 490 946 516; x_wconf 89' lang='lat' dir='ltr'>e</span> <span class='ocrx_word' id='word_1_31' title='bbox 983 476 1192 515; x_wconf 87' lang='lat' dir='ltr'>filamentis</span> <span class='ocrx_word' id='word_1_32' title='bbox 1241 476 1393 516; x_wconf 88' lang='lat' dir='ltr'>coalitis</span> <span class='ocrx_word' id='word_1_33' title='bbox 1443 480 1607 526; x_wconf 86' lang='lat' dir='ltr'>constat,</span> 
     </span>
     <span class='ocr_line' id='line_1_6' title="bbox 264 549 1657 604; baseline 0.003 -15"><span class='ocrx_word' id='word_1_34' title='bbox 264 549 336 589; x_wconf 89' lang='lat' dir='ltr'>sed</span> <span class='ocrx_word' id='word_1_35' title='bbox 384 551 586 603; x_wconf 83' lang='lat' dir='ltr'>propriam</span> <span class='ocrx_word' id='word_1_36' title='bbox 625 552 728 592; x_wconf 90' lang='lat' dir='ltr'>sistit</span> <span class='ocrx_word' id='word_1_37' title='bbox 770 556 922 604; x_wconf 89' lang='lat' dir='ltr'>partem</span> <span class='ocrx_word' id='word_1_38' title='bbox 970 553 1082 604; x_wconf 86' lang='lat' dir='ltr'>quasi</span> <span class='ocrx_word' id='word_1_39' title='bbox 1134 553 1325 592; x_wconf 89' lang='lat' dir='ltr'>corollam</span> <span class='ocrx_word' id='word_1_40' title='bbox 1366 554 1607 594; x_wconf 79' lang='lat' dir='ltr'>interiorem.</span> <span class='ocrx_word' id='word_1_41' title='bbox 1656 595 1657 598; x_wconf 11' lang='grc' dir='ltr'><strong>Ἴ</strong></span> 
     </span>
     <span class='ocr_line' id='line_1_7' title="bbox 266 627 1608 681; baseline 0.004 -16"><span class='ocrx_word' id='word_1_42' title='bbox 266 627 383 679; x_wconf 78' lang='lat' dir='ltr'>Quod</span> <span class='ocrx_word' id='word_1_43' title='bbox 439 628 480 668; x_wconf 92' lang='lat' dir='ltr'>in</span> <span class='ocrx_word' id='word_1_44' title='bbox 532 629 696 668; x_wconf 87' lang='lat' dir='ltr'>floribus</span> <span class='ocrx_word' id='word_1_45' title='bbox 747 629 961 680; x_wconf 82' lang='lat' dir='ltr'>majoribus</span> <span class='ocrx_word' id='word_1_46' title='bbox 1017 642 1051 669; x_wconf 86' lang='lat' dir='ltr'>e.</span> <span class='ocrx_word' id='word_1_47' title='bbox 1110 642 1146 680; x_wconf 87' lang='lat' dir='ltr'>g.</span> <span class='ocrx_word' id='word_1_48' title='bbox 1202 631 1376 681; x_wconf 87' lang='lat' dir='ltr'>Lathyro</span> <span class='ocrx_word' id='word_1_49' title='bbox 1440 631 1608 670; x_wconf 88' lang='lat' dir='ltr'>odorato</span> 
     </span>
     <span class='ocr_line' id='line_1_8' title="bbox 267 705 1607 758; baseline 0.003 -16"><span class='ocrx_word' id='word_1_50' title='bbox 267 716 430 745; x_wconf 87' lang='lat' dir='ltr'>cernere</span> <span class='ocrx_word' id='word_1_51' title='bbox 486 705 596 755; x_wconf 89' lang='lat' dir='ltr'>licet,</span> <span class='ocrx_word' id='word_1_52' title='bbox 650 718 741 744; x_wconf 85' lang='lat' dir='ltr'>nam</span> <span class='ocrx_word' id='word_1_53' title='bbox 801 706 917 745; x_wconf 89' lang='lat' dir='ltr'>tubus</span> <span class='ocrx_word' id='word_1_54' title='bbox 974 718 1143 757; x_wconf 88' lang='lat' dir='ltr'>superne</span> <span class='ocrx_word' id='word_1_55' title='bbox 1199 707 1372 758; x_wconf 84' lang='lat' dir='ltr'>margine</span> <span class='ocrx_word' id='word_1_56' title='bbox 1429 707 1607 747; x_wconf 87' lang='lat' dir='ltr'>minutis-</span> 
     </span>
     <span class='ocr_line' id='line_1_9' title="bbox 265 779 1609 833; baseline 0.003 -14"><span class='ocrx_word' id='word_1_57' title='bbox 265 779 364 819; x_wconf 85' lang='lat' dir='ltr'>sime</span> <span class='ocrx_word' id='word_1_58' title='bbox 419 781 461 821; x_wconf 89' lang='lat' dir='ltr'>in</span> <span class='ocrx_word' id='word_1_59' title='bbox 515 782 652 822; x_wconf 87' lang='lat' dir='ltr'>dentes</span> <span class='ocrx_word' id='word_1_60' title='bbox 706 795 851 822; x_wconf 87' lang='lat' dir='ltr'>novem</span> <span class='ocrx_word' id='word_1_61' title='bbox 898 783 1063 833; x_wconf 87' lang='lat' dir='ltr'>partitus</span> <span class='ocrx_word' id='word_1_62' title='bbox 1113 786 1171 822; x_wconf 91' lang='lat' dir='ltr'>est</span> <span class='ocrx_word' id='word_1_63' title='bbox 1219 787 1257 822; x_wconf 88' lang='lat' dir='ltr'>et</span> <span class='ocrx_word' id='word_1_64' title='bbox 1296 783 1494 823; x_wconf 82' lang='lat' dir='ltr'>filamenta</span> <span class='ocrx_word' id='word_1_65' title='bbox 1537 797 1609 824; x_wconf 92' lang='lat' dir='ltr'>no-</span> 
     </span>
     <span class='ocr_line' id='line_1_10' title="bbox 266 857 1613 911; baseline 0.004 -15"><span class='ocrx_word' id='word_1_66' title='bbox 266 869 356 896; x_wconf 89' lang='lat' dir='ltr'>vem</span> <span class='ocrx_word' id='word_1_67' title='bbox 384 857 486 897; x_wconf 90' lang='lat' dir='ltr'>inter</span> <span class='ocrx_word' id='word_1_68' title='bbox 511 859 585 898; x_wconf 89' lang='lat' dir='ltr'>hos</span> <span class='ocrx_word' id='word_1_69' title='bbox 613 859 638 899; x_wconf 87' lang='lat' dir='ltr'>i.</span> <span class='ocrx_word' id='word_1_70' title='bbox 669 872 702 898; x_wconf 87' lang='lat' dir='ltr'>e.</span> <span class='ocrx_word' id='word_1_71' title='bbox 731 859 951 898; x_wconf 81' lang='lat' dir='ltr'>alternatim</span> <span class='ocrx_word' id='word_1_72' title='bbox 978 873 1068 898; x_wconf 90' lang='lat' dir='ltr'>cum</span> <span class='ocrx_word' id='word_1_73' title='bbox 1096 859 1279 898; x_wconf 86' lang='lat' dir='ltr'>dentibus</span> <span class='ocrx_word' id='word_1_74' title='bbox 1313 861 1528 911; x_wconf 86' lang='lat' dir='ltr'>prodeunt,</span> <span class='ocrx_word' id='word_1_75' title='bbox 1564 863 1613 901; x_wconf 84' lang='lat' dir='ltr'>ut&#39;</span> 
     </span>
     <span class='ocr_line' id='line_1_11' title="bbox 267 933 1607 989; baseline 0.004 -17"><span class='ocrx_word' id='word_1_76' title='bbox 267 933 398 974; x_wconf 85' lang='lat' dir='ltr'>solent</span> <span class='ocrx_word' id='word_1_77' title='bbox 425 935 467 975; x_wconf 91' lang='lat' dir='ltr'>in</span> <span class='ocrx_word' id='word_1_78' title='bbox 494 936 655 976; x_wconf 87' lang='lat' dir='ltr'>corollis</span> <span class='ocrx_word' id='word_1_79' title='bbox 682 936 956 988; x_wconf 88' lang='lat' dir='ltr'>monopetalis,</span> <span class='ocrx_word' id='word_1_80' title='bbox 984 940 1022 975; x_wconf 87' lang='lat' dir='ltr'>et</span> <span class='ocrx_word' id='word_1_81' title='bbox 1046 936 1203 989; x_wconf 86' lang='lat' dir='ltr'>quidem</span> <span class='ocrx_word' id='word_1_82' title='bbox 1230 936 1443 976; x_wconf 79' lang='lat' dir='ltr'>introrsum</span> <span class='ocrx_word' id='word_1_83' title='bbox 1467 951 1607 978; x_wconf 89' lang='lat' dir='ltr'>versus</span> 
     </span>
     <span class='ocr_line' id='line_1_12' title="bbox 266 1011 1610 1065; baseline 0.003 -15"><span class='ocrx_word' id='word_1_84' title='bbox 266 1011 413 1062; x_wconf 86' lang='lat' dir='ltr'>stylum</span> <span class='ocrx_word' id='word_1_85' title='bbox 439 1012 581 1063; x_wconf 88' lang='lat' dir='ltr'>posita.</span> <span class='ocrx_word' id='word_1_86' title='bbox 637 1013 801 1052; x_wconf 88' lang='lat' dir='ltr'>Stamen</span> <span class='ocrx_word' id='word_1_87' title='bbox 829 1013 1023 1052; x_wconf 87' lang='lat' dir='ltr'>decimum</span> <span class='ocrx_word' id='word_1_88' title='bbox 1051 1017 1161 1052; x_wconf 86' lang='lat' dir='ltr'>extra</span> <span class='ocrx_word' id='word_1_89' title='bbox 1189 1014 1325 1052; x_wconf 88' lang='lat' dir='ltr'>tubum</span> <span class='ocrx_word' id='word_1_90' title='bbox 1352 1014 1526 1065; x_wconf 89' lang='lat' dir='ltr'>positum</span> <span class='ocrx_word' id='word_1_91' title='bbox 1551 1014 1610 1054; x_wconf 91' lang='lat' dir='ltr'>vi-</span> 
     </span>
     <span class='ocr_line' id='line_1_13' title="bbox 271 1087 1608 1140; baseline 0.003 -14"><span class='ocrx_word' id='word_1_92' title='bbox 271 1087 405 1137; x_wconf 87' lang='lat' dir='ltr'>detur,</span> <span class='ocrx_word' id='word_1_93' title='bbox 441 1088 555 1140; x_wconf 87' lang='lat' dir='ltr'>quasi</span> <span class='ocrx_word' id='word_1_94' title='bbox 589 1089 639 1128; x_wconf 86' lang='lat' dir='ltr'>ad</span> <span class='ocrx_word' id='word_1_95' title='bbox 665 1102 798 1129; x_wconf 83' lang='lat' dir='ltr'>veram</span> <span class='ocrx_word' id='word_1_96' title='bbox 834 1090 1037 1140; x_wconf 89' lang='lat' dir='ltr'>pertinens</span> <span class='ocrx_word' id='word_1_97' title='bbox 1076 1090 1276 1129; x_wconf 86' lang='lat' dir='ltr'>corollam.</span> <span class='ocrx_word' id='word_1_98' title='bbox 1331 1091 1376 1129; x_wconf 93' lang='lat' dir='ltr'>In</span> <span class='ocrx_word' id='word_1_99' title='bbox 1403 1091 1608 1130; x_wconf 87' lang='lat' dir='ltr'>Meliaceis</span> 
     </span>
     <span class='ocr_line' id='line_1_14' title="bbox 266 1155 1608 1218; baseline 0.002 -15"><span class='ocrx_word' id='word_1_100' title='bbox 266 1164 378 1204; x_wconf 86' lang='lat' dir='ltr'>hicce</span> <span class='ocrx_word' id='word_1_101' title='bbox 406 1166 525 1205; x_wconf 88' lang='lat' dir='ltr'>tubus</span> <span class='ocrx_word' id='word_1_102' title='bbox 553 1155 773 1206; x_wconf 82' lang='lat' dir='ltr'>staminifer</span> <span class='ocrx_word' id='word_1_103' title='bbox 799 1166 1028 1205; x_wconf 85' lang='lat' dir='ltr'>manifestus</span> <span class='ocrx_word' id='word_1_104' title='bbox 1058 1170 1118 1205; x_wconf 87' lang='lat' dir='ltr'>est</span> <span class='ocrx_word' id='word_1_105' title='bbox 1145 1167 1373 1206; x_wconf 86' lang='lat' dir='ltr'>staminibus</span> <span class='ocrx_word' id='word_1_106' title='bbox 1402 1167 1442 1205; x_wconf 93' lang='lat' dir='ltr'>in</span> <span class='ocrx_word' id='word_1_107' title='bbox 1467 1168 1608 1218; x_wconf 81' lang='lat' dir='ltr'>pagina</span> 
     </span>
     <span class='ocr_line' id='line_1_15' title="bbox 266 1240 1610 1294; baseline 0.001 -14"><span class='ocrx_word' id='word_1_108' title='bbox 266 1240 455 1281; x_wconf 82' lang='lat' dir='ltr'>interiore</span> <span class='ocrx_word' id='word_1_109' title='bbox 487 1243 661 1294; x_wconf 88' lang='lat' dir='ltr'>insertis,</span> <span class='ocrx_word' id='word_1_110' title='bbox 695 1243 737 1282; x_wconf 93' lang='lat' dir='ltr'>in</span> <span class='ocrx_word' id='word_1_111' title='bbox 764 1243 982 1282; x_wconf 88' lang='lat' dir='ltr'>Malvaceis</span> <span class='ocrx_word' id='word_1_112' title='bbox 1012 1256 1149 1282; x_wconf 90' lang='lat' dir='ltr'>omnes</span> <span class='ocrx_word' id='word_1_113' title='bbox 1178 1244 1262 1283; x_wconf 90' lang='lat' dir='ltr'>tubi</span> <span class='ocrx_word' id='word_1_114' title='bbox 1299 1244 1434 1283; x_wconf 87' lang='lat' dir='ltr'>dentes</span> <span class='ocrx_word' id='word_1_115' title='bbox 1459 1243 1501 1282; x_wconf 91' lang='lat' dir='ltr'>in</span> <span class='ocrx_word' id='word_1_116' title='bbox 1527 1244 1610 1283; x_wconf 87' lang='lat' dir='ltr'>fila-</span> 
     </span>
     <span class='ocr_line' id='line_1_16' title="bbox 270 1320 1611 1360; baseline 0.001 -1"><span class='ocrx_word' id='word_1_117' title='bbox 270 1323 403 1360; x_wconf 89' lang='lat' dir='ltr'>menta</span> <span class='ocrx_word' id='word_1_118' title='bbox 432 1325 704 1360; x_wconf 88' lang='lat' dir='ltr'>excreverunt.</span> <span class='ocrx_word' id='word_1_119' title='bbox 734 1321 919 1360; x_wconf 87' lang='lat' dir='ltr'>Laminae</span> <span class='ocrx_word' id='word_1_120' title='bbox 949 1334 970 1360; x_wconf 93' lang='lat' dir='ltr'>e</span> <span class='ocrx_word' id='word_1_121' title='bbox 998 1320 1205 1360; x_wconf 88' lang='lat' dir='ltr'>filamentis</span> <span class='ocrx_word' id='word_1_122' title='bbox 1225 1320 1402 1359; x_wconf 85' lang='lat' dir='ltr'>connatis</span> <span class='ocrx_word' id='word_1_123' title='bbox 1430 1324 1542 1360; x_wconf 86' lang='lat' dir='ltr'>ortae</span> <span class='ocrx_word' id='word_1_124' title='bbox 1569 1321 1611 1360; x_wconf 89' lang='lat' dir='ltr'>in</span> 
     </span>
     <span class='ocr_line' id='line_1_17' title="bbox 267 1396 1610 1448; baseline 0.001 -13"><span class='ocrx_word' id='word_1_125' title='bbox 267 1396 527 1437; x_wconf 87' lang='lat' dir='ltr'>Calothamno</span> <span class='ocrx_word' id='word_1_126' title='bbox 556 1397 751 1448; x_wconf 83' lang='lat' dir='ltr'>ejusmodi</span> <span class='ocrx_word' id='word_1_127' title='bbox 779 1398 917 1437; x_wconf 84' lang='lat' dir='ltr'>tubum</span> <span class='ocrx_word' id='word_1_128' title='bbox 944 1399 1132 1446; x_wconf 84' lang='lat' dir='ltr'>referunt,</span> <span class='ocrx_word' id='word_1_129' title='bbox 1160 1397 1311 1448; x_wconf 89' lang='lat' dir='ltr'>pistillo</span> <span class='ocrx_word' id='word_1_130' title='bbox 1329 1398 1480 1447; x_wconf 87' lang='lat' dir='ltr'>demto‚.</span> <span class='ocrx_word' id='word_1_131' title='bbox 1503 1411 1610 1437; x_wconf 87' lang='lat' dir='ltr'>com-</span> 
     </span>
     <span class='ocr_line' id='line_1_18' title="bbox 266 1472 1609 1526; baseline 0.001 -14"><span class='ocrx_word' id='word_1_132' title='bbox 266 1472 479 1524; x_wconf 88' lang='lat' dir='ltr'>planatum,</span> <span class='ocrx_word' id='word_1_133' title='bbox 507 1474 563 1514; x_wconf 89' lang='lat' dir='ltr'>ita</span> <span class='ocrx_word' id='word_1_134' title='bbox 589 1478 635 1513; x_wconf 90' lang='lat' dir='ltr'>ut</span> <span class='ocrx_word' id='word_1_135' title='bbox 659 1475 733 1514; x_wconf 87' lang='lat' dir='ltr'>flos</span> <span class='ocrx_word' id='word_1_136' title='bbox 762 1475 812 1514; x_wconf 87' lang='lat' dir='ltr'>ad</span> <span class='ocrx_word' id='word_1_137' title='bbox 834 1476 974 1514; x_wconf 87' lang='lat' dir='ltr'>florem</span> <span class='ocrx_word' id='word_1_138' title='bbox 993 1474 1257 1526; x_wconf 90' lang='lat' dir='ltr'>compositum</span> <span class='ocrx_word' id='word_1_139' title='bbox 1285 1486 1356 1514; x_wconf 91' lang='lat' dir='ltr'>seu</span> <span class='ocrx_word' id='word_1_140' title='bbox 1383 1475 1609 1514; x_wconf 88' lang='lat' dir='ltr'>anthodium</span> 
     </span>
     <span class='ocr_line' id='line_1_19' title="bbox 269 1550 1608 1603; baseline 0.001 -14"><span class='ocrx_word' id='word_1_141' title='bbox 269 1550 442 1590; x_wconf 86' lang='lat' dir='ltr'>accedat.</span> <span class='ocrx_word' id='word_1_142' title='bbox 499 1553 627 1603; x_wconf 83' lang='lat' dir='ltr'>Quam</span> <span class='ocrx_word' id='word_1_143' title='bbox 655 1551 706 1591; x_wconf 94' lang='lat' dir='ltr'>ob</span> <span class='ocrx_word' id='word_1_144' title='bbox 735 1564 819 1590; x_wconf 87' lang='lat' dir='ltr'>rem</span> <span class='ocrx_word' id='word_1_145' title='bbox 847 1551 888 1590; x_wconf 93' lang='lat' dir='ltr'>in</span> <span class='ocrx_word' id='word_1_146' title='bbox 908 1551 1014 1590; x_wconf 84' lang='lat' dir='ltr'>hisce</span> <span class='ocrx_word' id='word_1_147' title='bbox 1043 1551 1207 1591; x_wconf 89' lang='lat' dir='ltr'>floribus</span> <span class='ocrx_word' id='word_1_148' title='bbox 1237 1551 1402 1591; x_wconf 87' lang='lat' dir='ltr'>stamina</span> <span class='ocrx_word' id='word_1_149' title='bbox 1430 1556 1608 1602; x_wconf 82' lang='lat' dir='ltr'>connata,</span> 
     </span>
     <span class='ocr_line' id='line_1_20' title="bbox 269 1627 1612 1680; baseline 0.001 -14"><span class='ocrx_word' id='word_1_150' title='bbox 269 1627 329 1666; x_wconf 94' lang='lat' dir='ltr'>uti</span> <span class='ocrx_word' id='word_1_151' title='bbox 356 1627 396 1667; x_wconf 92' lang='lat' dir='ltr'>in</span> <span class='ocrx_word' id='word_1_152' title='bbox 424 1628 627 1679; x_wconf 87' lang='lat' dir='ltr'>Hyperico</span> <span class='ocrx_word' id='word_1_153' title='bbox 662 1628 829 1668; x_wconf 85' lang='lat' dir='ltr'>stamina</span> <span class='ocrx_word' id='word_1_154' title='bbox 862 1627 1109 1676; x_wconf 64' lang='lat' dir='ltr'>fasciculam,</span> <span class='ocrx_word' id='word_1_155' title='bbox 1144 1641 1219 1679; x_wconf 90' lang='lat' dir='ltr'>pro</span> <span class='ocrx_word' id='word_1_156' title='bbox 1248 1627 1412 1680; x_wconf 84' lang='lat' dir='ltr'>singulis</span> <span class='ocrx_word' id='word_1_157' title='bbox 1440 1628 1612 1668; x_wconf 87' lang='lat' dir='ltr'>stamini-</span> 
     </span>
     <span class='ocr_line' id='line_1_21' title="bbox 271 1704 682 1744; baseline 0.002 -2"><span class='ocrx_word' id='word_1_158' title='bbox 271 1704 345 1743; x_wconf 89' lang='lat' dir='ltr'>bus</span> <span class='ocrx_word' id='word_1_159' title='bbox 373 1704 551 1744; x_wconf 88' lang='lat' dir='ltr'>habenda</span> <span class='ocrx_word' id='word_1_160' title='bbox 577 1708 682 1743; x_wconf 88' lang='lat' dir='ltr'>sunt.</span> 
     </span>
    </p>
   </div>
   <div class='ocr_carea' id='block_1_4' title="bbox 374 1801 1611 1854">
    <p class='ocr_par' dir='ltr' id='par_1_4' title="bbox 374 1801 1611 1854">
     <span class='ocr_line' id='line_1_22' title="bbox 374 1801 1611 1854; baseline 0 -12"><span class='ocrx_word' id='word_1_161' title='bbox 374 1802 550 1842; x_wconf 85' lang='lat' dir='ltr'>Stamina</span> <span class='ocrx_word' id='word_1_162' title='bbox 578 1815 630 1854; x_wconf 84' lang='lat' dir='ltr'>sp</span> <span class='ocrx_word' id='word_1_163' title='bbox 638 1815 666 1841; x_wconf 93' lang='lat' dir='ltr'>u</span> <span class='ocrx_word' id='word_1_164' title='bbox 674 1801 716 1842; x_wconf 87' lang='lat' dir='ltr'>ri</span> <span class='ocrx_word' id='word_1_165' title='bbox 725 1815 746 1841; x_wconf 85' lang='lat' dir='ltr'>e</span> <span class='ocrx_word' id='word_1_166' title='bbox 774 1814 792 1841; x_wconf 88' lang='lat' dir='ltr'>s</span> <span class='ocrx_word' id='word_1_167' title='bbox 801 1814 828 1853; x_wconf 93' lang='lat' dir='ltr'>y</span> <span class='ocrx_word' id='word_1_168' title='bbox 837 1814 862 1840; x_wconf 93' lang='lat' dir='ltr'>n</span> <span class='ocrx_word' id='word_1_169' title='bbox 872 1814 896 1853; x_wconf 88' lang='lat' dir='ltr'>g</span> <span class='ocrx_word' id='word_1_170' title='bbox 906 1814 927 1841; x_wconf 85' lang='lat' dir='ltr'>e</span> <span class='ocrx_word' id='word_1_171' title='bbox 935 1815 962 1841; x_wconf 92' lang='lat' dir='ltr'>n</span> <span class='ocrx_word' id='word_1_172' title='bbox 973 1815 994 1841; x_wconf 91' lang='lat' dir='ltr'>e</span> <span class='ocrx_word' id='word_1_173' title='bbox 1003 1814 1022 1841; x_wconf 91' lang='lat' dir='ltr'>s</span> <span class='ocrx_word' id='word_1_174' title='bbox 1032 1815 1055 1841; x_wconf 90' lang='lat' dir='ltr'>a</span> <span class='ocrx_word' id='word_1_175' title='bbox 1091 1802 1287 1841; x_wconf 83' lang='lat' dir='ltr'>filamenta</span> <span class='ocrx_word' id='word_1_176' title='bbox 1314 1806 1381 1841; x_wconf 86' lang='lat' dir='ltr'>aut</span> <span class='ocrx_word' id='word_1_177' title='bbox 1409 1803 1611 1842; x_wconf 84' lang='lat' dir='ltr'>connecti-</span> 
     </span>
    </p>
   </div>
   <div class='ocr_carea' id='block_1_5' title="bbox 269 1877 1674 1931">
    <p class='ocr_par' dir='ltr' id='par_1_5' title="bbox 269 1877 1674 1931">
     <span class='ocr_line' id='line_1_23' title="bbox 269 1877 1674 1931; baseline -0.001 -12"><span class='ocrx_word' id='word_1_178' title='bbox 269 1877 361 1919; x_wconf 86' lang='lat' dir='ltr'>cula</span> <span class='ocrx_word' id='word_1_179' title='bbox 388 1892 559 1931; x_wconf 85' lang='lat' dir='ltr'>superne</span> <span class='ocrx_word' id='word_1_180' title='bbox 576 1882 746 1918; x_wconf 87' lang='lat' dir='ltr'>connata</span> <span class='ocrx_word' id='word_1_181' title='bbox 772 1879 927 1928; x_wconf 83' lang='lat' dir='ltr'>habent,</span> <span class='ocrx_word' id='word_1_182' title='bbox 955 1884 1001 1918; x_wconf 93' lang='lat' dir='ltr'>ut</span> <span class='ocrx_word' id='word_1_183' title='bbox 1028 1879 1069 1918; x_wconf 88' lang='lat' dir='ltr'>in</span> <span class='ocrx_word' id='word_1_184' title='bbox 1097 1879 1272 1928; x_wconf 86' lang='lat' dir='ltr'>Lobelia,</span> <span class='ocrx_word' id='word_1_185' title='bbox 1301 1878 1429 1927; x_wconf 87' lang='lat' dir='ltr'>Viola‚</span> <span class='ocrx_word' id='word_1_186' title='bbox 1458 1879 1610 1918; x_wconf 86' lang='lat' dir='ltr'>Cucur-</span> <span class='ocrx_word' id='word_1_187' title='bbox 1668 1878 1674 1892; x_wconf 72' lang='lat'><em>³</em></span> 
     </span>
    </p>
   </div>
   <div class='ocr_carea' id='block_1_6' title="bbox 267 1956 1611 2162">
    <p class='ocr_par' dir='ltr' id='par_1_6' title="bbox 267 1956 1611 2162">
     <span class='ocr_line' id='line_1_24' title="bbox 267 1956 1611 2008; baseline -0.001 -13"><span class='ocrx_word' id='word_1_188' title='bbox 267 1956 358 1996; x_wconf 87' lang='lat' dir='ltr'>bita.</span> <span class='ocrx_word' id='word_1_189' title='bbox 416 1956 588 1995; x_wconf 88' lang='lat' dir='ltr'>Stamina</span> <span class='ocrx_word' id='word_1_190' title='bbox 614 1969 733 1996; x_wconf 89' lang='lat' dir='ltr'>vere</span> <span class='ocrx_word' id='word_1_191' title='bbox 762 1968 1039 2008; x_wconf 87' lang='lat' dir='ltr'>syngenesa</span> <span class='ocrx_word' id='word_1_192' title='bbox 1066 1957 1210 1996; x_wconf 88' lang='lat' dir='ltr'>habent</span> <span class='ocrx_word' id='word_1_193' title='bbox 1228 1957 1410 1995; x_wconf 86' lang='lat' dir='ltr'>antheras</span> <span class='ocrx_word' id='word_1_194' title='bbox 1438 1956 1611 2007; x_wconf 78' lang='lat' dir='ltr'>plerum-</span> 
     </span>
     <span class='ocr_line' id='line_1_25' title="bbox 269 2032 1608 2086; baseline 0.001 -14"><span class='ocrx_word' id='word_1_195' title='bbox 269 2046 346 2085; x_wconf 91' lang='lat' dir='ltr'>que</span> <span class='ocrx_word' id='word_1_196' title='bbox 376 2033 549 2086; x_wconf 92' lang='lat' dir='ltr'>quinque</span> <span class='ocrx_word' id='word_1_197' title='bbox 577 2032 844 2073; x_wconf 86' lang='lat' dir='ltr'>uniloculares</span> <span class='ocrx_word' id='word_1_198' title='bbox 872 2034 1046 2086; x_wconf 86' lang='lat' dir='ltr'>margine</span> <span class='ocrx_word' id='word_1_199' title='bbox 1083 2037 1292 2083; x_wconf 84' lang='lat' dir='ltr'>connatas,</span> <span class='ocrx_word' id='word_1_200' title='bbox 1320 2033 1444 2073; x_wconf 88' lang='lat' dir='ltr'>altero</span> <span class='ocrx_word' id='word_1_201' title='bbox 1472 2033 1608 2073; x_wconf 87' lang='lat' dir='ltr'>loculo</span> 
     </span>
     <span class='ocr_line' id='line_1_26' title="bbox 267 2110 827 2162; baseline 0.002 -13"><span class='ocrx_word' id='word_1_202' title='bbox 267 2110 317 2149; x_wconf 88' lang='lat' dir='ltr'>ad</span> <span class='ocrx_word' id='word_1_203' title='bbox 346 2110 598 2150; x_wconf 89' lang='lat' dir='ltr'>coalitionem</span> <span class='ocrx_word' id='word_1_204' title='bbox 626 2110 827 2162; x_wconf 86' lang='lat' dir='ltr'>absorpto.</span> 
     </span>
    </p>
   </div>
   <div class='ocr_carea' id='block_1_7' title="bbox 263 2207 1676 2647">
    <p class='ocr_par' dir='ltr' id='par_1_7' title="bbox 263 2207 1676 2647">
     <span class='ocr_line' id='line_1_27' title="bbox 377 2207 1611 2261; baseline 0 -14"><span class='ocrx_word' id='word_1_205' title='bbox 377 2207 554 2248; x_wconf 87' lang='lat' dir='ltr'>Stamina</span> <span class='ocrx_word' id='word_1_206' title='bbox 579 2213 647 2248; x_wconf 92' lang='lat' dir='ltr'>aut</span> <span class='ocrx_word' id='word_1_207' title='bbox 675 2208 909 2261; x_wconf 86' lang='lat' dir='ltr'>aequalia</span> <span class='ocrx_word' id='word_1_208' title='bbox 937 2213 1049 2259; x_wconf 87' lang='lat' dir='ltr'>sunt,</span> <span class='ocrx_word' id='word_1_209' title='bbox 1078 2213 1145 2248; x_wconf 82' lang='lat' dir='ltr'>aut</span> <span class='ocrx_word' id='word_1_210' title='bbox 1173 2209 1474 2261; x_wconf 87' lang='lat' dir='ltr'>inaequalia.</span> <span class='ocrx_word' id='word_1_211' title='bbox 1530 2208 1611 2247; x_wconf 89' lang='lat' dir='ltr'>Sed</span> 
     </span>
     <span class='ocr_line' id='line_1_28' title="bbox 270 2273 1676 2337; baseline 0.001 -14"><span class='ocrx_word' id='word_1_212' title='bbox 270 2284 526 2337; x_wconf 85' lang='lat' dir='ltr'>inaequalitas</span> <span class='ocrx_word' id='word_1_213' title='bbox 542 2291 609 2325; x_wconf 89' lang='lat' dir='ltr'>aut</span> <span class='ocrx_word' id='word_1_214' title='bbox 635 2299 734 2337; x_wconf 88' lang='lat' dir='ltr'>vaga</span> <span class='ocrx_word' id='word_1_215' title='bbox 763 2290 822 2326; x_wconf 88' lang='lat' dir='ltr'>est</span> <span class='ocrx_word' id='word_1_216' title='bbox 850 2290 889 2326; x_wconf 92' lang='lat' dir='ltr'>et</span> <span class='ocrx_word' id='word_1_217' title='bbox 915 2285 1213 2325; x_wconf 86' lang='lat' dir='ltr'>indeterminata</span> <span class='ocrx_word' id='word_1_218' title='bbox 1248 2290 1316 2325; x_wconf 87' lang='lat' dir='ltr'>aut</span> <span class='ocrx_word' id='word_1_219' title='bbox 1345 2284 1610 2334; x_wconf 86' lang='lat' dir='ltr'>determinata,</span> <span class='ocrx_word' id='word_1_220' title='bbox 1674 2273 1676 2275; x_wconf 31' lang='lat'>¹</span> 
     </span>
     <span class='ocr_line' id='line_1_29' title="bbox 271 2361 1610 2415; baseline 0 -15"><span class='ocrx_word' id='word_1_221' title='bbox 271 2362 497 2401; x_wconf 87' lang='lat' dir='ltr'>staminibus</span> <span class='ocrx_word' id='word_1_222' title='bbox 523 2363 739 2414; x_wconf 75' lang='lat' dir='ltr'>¹majoribus</span> <span class='ocrx_word' id='word_1_223' title='bbox 769 2368 808 2403; x_wconf 87' lang='lat' dir='ltr'>et</span> <span class='ocrx_word' id='word_1_224' title='bbox 836 2363 1051 2403; x_wconf 89' lang='lat' dir='ltr'>minoribus</span> <span class='ocrx_word' id='word_1_225' title='bbox 1080 2363 1183 2403; x_wconf 89' lang='lat' dir='ltr'>inter</span> <span class='ocrx_word' id='word_1_226' title='bbox 1211 2376 1254 2402; x_wconf 90' lang='lat' dir='ltr'>se</span> <span class='ocrx_word' id='word_1_227' title='bbox 1270 2362 1509 2415; x_wconf 87' lang='lat' dir='ltr'>aequalibus.</span> <span class='ocrx_word' id='word_1_228' title='bbox 1538 2361 1610 2401; x_wconf 88' lang='lat' dir='ltr'>Illa</span> 
     </span>
     <span class='ocr_line' id='line_1_30' title="bbox 268 2438 1611 2492; baseline -0.001 -14"><span class='ocrx_word' id='word_1_229' title='bbox 268 2439 396 2479; x_wconf 88' lang='lat' dir='ltr'>rarior</span> <span class='ocrx_word' id='word_1_230' title='bbox 425 2443 493 2489; x_wconf 87' lang='lat' dir='ltr'>est,</span> <span class='ocrx_word' id='word_1_231' title='bbox 522 2441 696 2479; x_wconf 88' lang='lat' dir='ltr'>occurrit</span> <span class='ocrx_word' id='word_1_232' title='bbox 723 2444 854 2480; x_wconf 81' lang='lat' dir='ltr'>tamen</span> <span class='ocrx_word' id='word_1_233' title='bbox 879 2441 919 2480; x_wconf 91' lang='lat' dir='ltr'>in</span> <span class='ocrx_word' id='word_1_234' title='bbox 935 2440 1229 2492; x_wconf 77' lang='lat' dir='ltr'>Papilionaceis,</span> <span class='ocrx_word' id='word_1_235' title='bbox 1254 2438 1479 2487; x_wconf 87' lang='lat' dir='ltr'>MalvaceiS‚</span> <span class='ocrx_word' id='word_1_236' title='bbox 1510 2439 1611 2478; x_wconf 89' lang='lat' dir='ltr'>Tro-</span> 
     </span>
     <span class='ocr_line' id='line_1_31' title="bbox 263 2513 1606 2569; baseline -0.002 -13"><span class='ocrx_word' id='word_1_237' title='bbox 263 2516 412 2568; x_wconf 69' lang='lat' dir='ltr'>&#39;paeolo</span> <span class='ocrx_word' id='word_1_238' title='bbox 449 2521 522 2557; x_wconf 88' lang='lat' dir='ltr'>etc.</span> <span class='ocrx_word' id='word_1_239' title='bbox 578 2516 838 2569; x_wconf 80' lang='lat' dir='ltr'>Inaequalitas</span> <span class='ocrx_word' id='word_1_240' title='bbox 883 2517 1139 2557; x_wconf 85' lang='lat' dir='ltr'>determinata</span> <span class='ocrx_word' id='word_1_241' title='bbox 1181 2517 1289 2557; x_wconf 78' lang='lat' dir='ltr'>varia</span> <span class='ocrx_word' id='word_1_242' title='bbox 1331 2520 1402 2555; x_wconf 90' lang='lat' dir='ltr'>est.</span> <span class='ocrx_word' id='word_1_243' title='bbox 1460 2513 1606 2555; x_wconf 87' lang='lat' dir='ltr'>Vocari</span> 
     </span>
     <span class='ocr_line' id='line_1_32' title="bbox 268 2582 1660 2647; baseline -0.003 -13"><span class='ocrx_word' id='word_1_244' title='bbox 268 2582 437 2647; x_wconf 71' lang='lat' dir='ltr'>Possunt</span> <span class='ocrx_word' id='word_1_245' title='bbox 465 2594 631 2647; x_wconf 81' lang='lat' dir='ltr'>stamina</span> <span class='ocrx_word' id='word_1_246' title='bbox 658 2594 918 2646; x_wconf 87' lang='lat' dir='ltr'>didynama</span> <span class='ocrx_word' id='word_1_247' title='bbox 944 2595 977 2634; x_wconf 92' lang='lat' dir='ltr'>si</span> <span class='ocrx_word' id='word_1_248' title='bbox 1004 2596 1084 2635; x_wconf 92' lang='lat' dir='ltr'>duo</span> <span class='ocrx_word' id='word_1_249' title='bbox 1112 2595 1263 2645; x_wconf 86' lang='lat' dir='ltr'>majora</span> <span class='ocrx_word' id='word_1_250' title='bbox 1290 2598 1397 2641; x_wconf 86' lang='lat' dir='ltr'>sunt,</span> <span class='ocrx_word' id='word_1_251' title='bbox 1433 2593 1511 2632; x_wconf 91' lang='lat' dir='ltr'>duo</span> <span class='ocrx_word' id='word_1_252' title='bbox 1538 2590 1609 2630; x_wconf 89' lang='lat' dir='ltr'>mi·</span> <span class='ocrx_word' id='word_1_253' title='bbox 1658 2591 1660 2594; x_wconf 73' lang='grc'>’</span> 
     </span>
    </p>
   </div>
  </div>
 </body>
</html>
