1592 2924
820 117 876 159 24

187 226 527 281 squamiformem‚
550 226 770 276 foliaceam,
794 227 1031 279 paleaceam.
1087 227 1133 267 In
1161 226 1374 268 seminibus
1401 229 1525 267 matu-

186 306 240 344 ris
275 304 506 355 praesertim
539 304 792 345 inveniuntur
826 309 893 345 aut
935 309 1057 345 totam
1100 308 1240 344 testam
1283 307 1524 355 occupantes

185 384 252 420 aut
288 380 394 421 circa
433 380 663 421 umbilicum
703 381 858 433 positae
903 382 1008 421 hune
1050 394 1167 433 saepe
1210 380 1452 432 distinguunt
1487 383 1526 419 et

186 461 341 498 ornant.

293 533 550 574 Verrueae
577 534 884 575 scabritieae
912 539 1004 575 sunt
1029 534 1143 574 bases
1161 535 1333 586 pilorum
1352 536 1420 572 aut
1436 544 1527 572 acu-

184 610 351 661 leorum,
379 610 476 663 ipsis
491 610 582 662 pilis
612 614 650 650 et
679 611 828 652 aculeis
857 612 1127 652 deficientibus
1156 611 1390 651 Scabritiem
1416 610 1528 661 plan-

185 692 314 728 tarum
343 692 382 727 et
409 687 444 727 si
469 688 640 738 majores
668 688 823 738 fuerint,
851 688 1099 740 asperitatem
1127 688 1384 728 constituunt.
1430 687 1527 726 Fre-

185 769 351 818 quentes
378 768 470 804 sunt
496 765 537 803 in
564 764 726 816 plantis,
754 765 809 804 ita
835 769 879 804 ut
907 765 1088 817 exempla
1115 765 1255 805 afferre
1284 765 1426 804 tedeat.
1483 762 1528 802 Si

184 843 258 882 hae
286 854 477 882 verrucae
506 842 659 892 desunt,
688 841 919 894 superficies
946 843 1105 884 laevis
1137 846 1316 883 vocatur.

294 918 550 958 Verrucae
579 918 884 959 indicativae
905 923 1037 971 partes
1067 923 1289 960 contractas
1318 921 1386 957 aut
1412 915 1527 956 muti-

187 995 246 1035 las
276 1007 362 1035 esse
390 995 574 1035 indicant.
632 996 777 1035 Variae
805 1001 897 1036 sunt
924 998 1095 1045 formae,
1135 1009 1210 1047 pro
1238 995 1347 1035 varia
1375 999 1528 1034 contra-

188 1071 318 1112 ctione
347 1075 386 1110 et
411 1071 659 1110 mutilatione
687 1072 823 1122 partis.
862 1072 929 1112 Sic
943 1072 1174 1112 infoliorum
1200 1072 1375 1124 margine
1403 1083 1530 1110 serra-

186 1151 293 1187 turas
321 1147 513 1197 indicant,
548 1151 593 1187 ut
620 1147 660 1186 in
687 1148 830 1188 Prunis
856 1149 985 1199 variis,
1014 1149 1206 1189 Salicibus
1235 1153 1307 1189 etc.
1337 1149 1378 1187 in
1404 1147 1528 1198 petio-

186 1225 234 1264 lis
258 1225 416 1277 pinnaS,
444 1228 490 1264 ut
516 1224 558 1263 in
585 1224 817 1265 Passifloris.
873 1226 918 1265 In
946 1225 1133 1265 foliorum
1161 1225 1335 1277 apicibus
1364 1224 1529 1276 angulos

186 1302 315 1342 minus
343 1301 563 1353 explicatos
591 1301 735 1341 sistunt
766 1305 810 1341 ut
845 1302 887 1341 in
914 1301 1053 1342 Aceris
1082 1302 1302 1354 speciebus.
1357 1302 1403 1341 In
1429 1303 1528 1341 flore

187 1380 414 1432 frequentes
449 1382 541 1417 sunt
579 1382 617 1417 et
651 1378 810 1418 maximi
844 1391 964 1430 saepe
1000 1380 1178 1419 monenti
1214 1379 1265 1419 ob
1302 1379 1530 1420 affinitatem

191 1455 413 1508 plantarum
439 1455 697 1495 indicandam.

295 1532 488 1573 Addenda
533 1533 724 1585 quaedam
766 1537 858 1573 sunt
902 1534 952 1573 de
994 1533 1102 1585 rugis
1142 1545 1244 1586 quae
1283 1532 1531 1584 superficiem

185 1610 410 1663 plantarum
440 1609 687 1662 inaequalem
722 1611 904 1650 reddunt.
966 1611 1011 1650 In
1047 1611 1153 1650 foliis
1182 1610 1365 1650 oriuntur
1393 1623 1415 1649 e
1443 1622 1532 1648 ner-

186 1688 246 1728 vis
272 1687 404 1726 laxam
433 1686 593 1738 diploen
621 1686 809 1727 foliorum
839 1687 1159 1737 excludentibus,
1187 1688 1292 1727 unde
1322 1686 1532 1726 interstitia

187 1764 434 1816 prominent;
491 1764 532 1803 in
567 1763 757 1803 fructibus
791 1764 954 1804 maturis
994 1766 1261 1805 exsiccatione
1290 1763 1531 1817 quarundam

186 1841 356 1894 partium
390 1841 583 1880 oriuntur.
667 1841 811 1881 Variae
849 1841 968 1893 igitur
1002 1847 1093 1882 sunt
1120 1842 1264 1882 indolis
1298 1854 1373 1882 nec
1400 1843 1532 1893 partes

189 1918 375 1971 proprias
405 1918 658 1958 constituunt.

191 2107 302 2156 124.
367 2107 411 2155 P
424 2122 496 2170 ap
508 2103 647 2154 ulae
689 2110 806 2154 sunt
846 2109 1203 2170 prominentiae
1247 2101 1536 2169 epidermidi

384 2193 671 2254 insidentes,
699 2192 994 2257 diaphanae,
1024 2211 1089 2243 ex
1105 2211 1206 2242 una
1227 2191 1404 2242 cellula
1421 2190 1533 2256 plu-

382 2279 582 2331 ribusve
616 2284 927 2346 compositae.

299 2435 336 2476 A
362 2436 542 2476 verrucis
572 2436 764 2486 differunt,
794 2436 901 2489 quod
929 2448 1051 2476 succo
1069 2435 1228 2487 hyalino
1242 2433 1417 2486 repletae
1446 2432 1534 2482 sint,

196 2525 286 2553 cum
311 2525 503 2554 verrucae
533 2512 676 2553 eodem
709 2525 831 2553 succo
859 2516 1056 2563 scateant,
1085 2525 1164 2566 quo
1191 2515 1325 2564 partes
1354 2510 1536 2562 adjacen-

194 2593 265 2630 tes.
321 2589 358 2630 A
386 2589 598 2642 glandulis,
635 2590 742 2642 quod
778 2602 940 2631 succum
974 2602 1056 2631 non
1085 2591 1299 2630 excernant
1326 2590 1366 2627 et
1392 2596 1535 2627 succus
