1682 2938
863 133 944 175 11⁰

231 245 357 294 riore,
388 243 610 284 ‘teneritate
637 248 677 283 et
705 244 843 284 colore
871 258 955 284 non
982 246 1116 295 viridi,
1153 247 1187 286 si
1215 260 1312 287 vero
1341 248 1458 300 calyx
1486 249 1579 288 defi-

230 323 302 370 cit,
345 315 557 361 difficilius.
609 322 794 373 Optimus
823 323 1028 363 character
1056 328 1151 363 tunc
1180 325 1221 363 in
1251 338 1299 364 eo
1328 325 1480 376 positus
1510 331 1578 375 est,

231 399 338 452 quod
365 398 517 451 phylla,
555 399 695 438 saltem
723 399 933 450 interiora,
978 413 1068 440 cum
1096 402 1328 441 staminibus
1357 407 1397 442 et
1424 403 1581 455 quidem

231 476 494 517 exterioribus
530 476 744 526 alternent,
791 491 866 517 nec
901 478 950 517 iis
980 479 1165 530 opposita
1198 480 1289 520 sint.
1362 480 1449 519 Hoc
1478 480 1581 519 enim

232 554 458 593 charactere
487 566 510 592 a
535 554 749 606 perigonio
778 555 946 606 hybrido
977 568 1048 595 seu
1077 556 1292 596 crinomate
1322 557 1461 605 differt,
1491 570 1581 596 cum

229 645 310 684 quo
327 631 514 671 facillime
533 631 769 670 commutari
796 636 940 683 potest.
979 634 1167 673 Evolutio
1196 634 1367 685 partium
1397 634 1581 673 foliacea-
1650 619 1657 633 ⁷

231 722 339 757 rum,
369 721 470 760 quae
498 709 540 748 in
569 709 710 762 calyce
739 709 880 748 iterum
906 710 1073 760 incepit,
1108 724 1198 749 cum
1227 710 1267 749 in
1298 711 1469 750 bracteis
1499 723 1582 750 ces-
1651 719 1655 732 ‘-

230 785 396 834 saverit,
424 785 466 824 in
497 786 652 825 corolla
679 786 803 838 magis
831 799 1044 838 progressa
1073 793 1143 827 est.

338 911 502 952 Corolla
536 913 804 965 hypogyna
841 918 900 952 est
936 914 1190 965 receptaculo
1220 914 1293 953 sub
1312 914 1497 965 'germine
1525 914 1582 953 in-

228 994 356 1040 serta,
401 989 631 1040 epigyna,
672 990 839 1040 germini
867 990 1033 1039 inserta,
1074 991 1324 1044 perigyna
1360 991 1487 1042 calyci
1524 991 1583 1030 in-

228 1071 345 1106 serta.
402 1067 490 1105 Hoc
519 1066 667 1117 triplici
694 1068 815 1106 modo
844 1067 931 1105 fieri
959 1067 1073 1115 solet,
1103 1073 1170 1106 aut
1182 1068 1404 1120 hypanthio
1433 1068 1582 1108 inserta

230 1148 300 1194 est,
328 1148 373 1183 ut
400 1143 441 1182 in
470 1143 759 1194 Papilionaceis
787 1143 933 1192 multis,
963 1144 1119 1183 Cacteis
1136 1144 1255 1183 variis
1285 1150 1374 1194 etc„
1403 1150 1469 1185 aut
1481 1159 1583 1185 mar-

229 1221 311 1273 gini
340 1220 539 1273 superiori
566 1221 778 1274 hypanthii
805 1220 874 1260 ubi
902 1221 943 1260 in
971 1221 1234 1272 perianthium
1269 1221 1428 1270 transit,
1470 1227 1515 1261 ut
1543 1222 1584 1261 in

229 1298 438 1346 Rosaceis,
475 1302 543 1337 aut
568 1298 792 1349 perianthio
821 1298 916 1349 ipsi,
961 1305 1001 1337 et
1029 1298 1188 1350 quidem
1221 1298 1320 1346 imo,
1358 1298 1488 1338 medio
1517 1304 1585 1338 aut

231 1388 400 1423 summo,
429 1378 474 1414 ut
501 1375 542 1413 in
570 1375 859 1422 Crassulaceis‚
890 1374 1108 1426 Lythrariis
1138 1379 1212 1414 etc.

339 1505 503 1546 Corolla
540 1519 630 1545 cum
666 1506 897 1545 staminibus
934 1514 1103 1545 connata
1138 1510 1217 1554 est,
1259 1506 1314 1544 ita
1346 1511 1393 1546 ut
1420 1507 1587 1547 interior

230 1583 372 1635 pagina
400 1583 441 1622 in
470 1583 680 1623 staminum
710 1583 930 1634 adelphiam
967 1582 1239 1631 continuetur,
1290 1582 1330 1621 in
1357 1584 1588 1625 Malvaceis.

230 1661 293 1699 De
329 1660 560 1700 staminibus
598 1661 804 1712 epipetalis
839 1660 942 1699 infra
979 1660 1145 1699 dicetur.
1204 1661 1305 1699 Cum
1341 1661 1516 1712 germine
1544 1662 1585 1700 in

234 1737 573 1777 Grodenoviaceis
606 1741 774 1780 connata
802 1742 879 1786 est,
909 1742 947 1776 et
976 1737 1016 1775 in
1046 1737 1281 1789 quibusdam
1308 1737 1412 1786 sola,
1442 1738 1585 1792 calyce
1655 1754 1661 1763 ·

231 1827 313 1854 non
349 1814 466 1854 simul
507 1814 743 1854 adhaerente
786 1815 833 1853 R.
869 1815 1051 1853 Brown
1088 1826 1235 1852 verm.
1274 1813 1408 1853 Schr.
1447 1812 1481 1853 1.
1519 1814 1585 1855 68.

232 1892 334 1931 Cum
362 1890 474 1944 stylo
504 1891 543 1930 in
573 1891 792 1931 Gannaceis
822 1892 1040 1930 cohaerens
1069 1889 1279 1941 reperitur.

345 2023 509 2062 Corolla
538 2036 656 2074 saepe
685 2023 835 2069 deficit3
865 2023 906 2061 in
934 2022 1166 2075 quibusdam
1196 2021 1399 2060 ordinibus
1428 2026 1586 2061 natura-

232 2099 335 2138 libus
361 2112 537 2151 semper,
582 2113 614 2139 e.
644 2113 680 2152 g.
716 2099 1110 2148 Monocotylearum,
1153 2098 1221 2137 ubi
1263 2099 1379 2150 calyx
1415 2100 1586 2139 corolla-

234 2189 344 2214 ceam
374 2177 543 2216 sormam
578 2177 743 2216 induere
780 2176 900 2225 solet,
943 2181 1027 2215 tum
1064 2175 1105 2214 in
1134 2175 1413 2231 Chenopodeis
1444 2182 1517 2216 etc.
1546 2177 1586 2216 in

233 2252 320 2291 aliis
350 2253 553 2293 ordinibus
582 2254 737 2306 singula
764 2265 910 2305 genera
937 2253 1091 2304 apetala
1119 2257 1234 2302 sunt,
1277 2266 1311 2292 e.
1341 2265 1376 2303 g.
1407 2252 1586 2306 Chryso-

234 2329 449 2381 splenium,
484 2332 642 2371 tandem
672 2337 710 2371 et
739 2330 916 2382 singulae
947 2330 1102 2381 species
1138 2330 1316 2381 apetalae
1354 2330 1458 2369 inter
1495 2330 1585 2370 reli-

236 2418 335 2459 quas
365 2407 578 2447 corollatas
607 2411 860 2460 reperiuntur
889 2420 922 2446 e.
953 2420 989 2458 g.
1019 2407 1191 2459 Lychnis
1221 2406 1386 2458 apetala.

345 2533 548 2574 Corollam
590 2535 746 2586 saepius
787 2535 1030 2575 constituere
1075 2534 1242 2574 alterum
1285 2532 1480 2584 perigonii
1515 2545 1584 2583 gy-

236 2623 342 2659 rum,
387 2612 480 2651 dum
516 2612 629 2663 calyx
664 2612 834 2662 primum
862 2612 985 2660 sistit,
1027 2623 1145 2662 supra
1177 2609 1213 2663 §.
1245 2623 1304 2661 pr.
1335 2609 1483 2649 dictum
1511 2613 1580 2647 est.
