1682 2938
871 108 957 152 200

245 218 415 259 laminae
451 230 569 271 quam
604 219 842 272 corpuscula
869 219 1098 260 membrana
1126 219 1488 274 collenchymatosa
1515 223 1585 264 ob-

247 297 387 335 ductae
429 300 538 346 sunt,
587 309 687 349 quae
723 310 807 337 non
842 310 934 337 raro
973 297 1015 336 in
1053 297 1293 348 pedioellum
1322 299 1584 339 continuatur.

247 373 484 425 Plerumque
530 371 663 425 plures
712 373 880 414 laminae
924 373 1136 425 parallelae
1176 374 1217 413 in
1262 388 1342 414 uno
1386 376 1583 427 pedicello

242 449 406 500 junctae
434 450 687 490 inveniuntur
714 455 758 490 ut
775 452 815 490 in
829 451 1023 499 Vandeis;
1051 464 1125 490 nec
1156 464 1247 490 raro
1275 452 1471 503 permulta
1499 466 1587 492 cor·
1648 441 1651 447 Δ

247 527 414 578 puscula
442 526 622 578 oblonga,
651 528 790 567 eodem
817 528 1033 579 pedicello,
1062 528 1174 580 quasi
1202 530 1428 568 racematim
1456 530 1588 569 inhae-

249 607 373 658 rent„
390 607 434 643 ut
461 604 502 643 in
532 604 715 644 Orchide.
768 605 988 645 Pedicellus
1017 606 1090 645 iste
1119 605 1160 644 in
1189 607 1359 645 Orchide
1389 607 1589 646 affinibus-

251 693 328 733 que
358 680 562 732 elongatus
590 681 631 720 in
660 682 940 733 corpusculum
969 682 1251 733 subglobosum
1280 688 1319 722 et
1348 684 1588 734 glutinosum

252 756 553 809 (retinaculum)
581 758 825 807 terminatur,
852 771 951 810 quae
980 771 1062 798 non
1090 760 1189 799 bene
1210 759 1393 811 glandula
1409 765 1587 800 vocatur.

251 834 414 874 Lamina
441 839 509 875 aut
536 835 773 887 corpuscula
800 835 869 874 uni
883 835 1078 887 pedicello
1095 836 1234 876 adnata
1261 836 1587 888 pollinarium

250 911 406 953 sistunt.

360 997 583 1038 Pedicellus
611 998 778 1050 margini
806 999 999 1051 stigmatis
1028 1012 1184 1051 semper
1212 1001 1406 1050 adhaeret,
1435 1001 1589 1054 reliquo

254 1075 466 1126 pollinario
494 1075 599 1114 intra
626 1076 829 1114 antheram
857 1076 1073 1115 recondito.
1130 1076 1348 1129 Pleraeque
1371 1078 1591 1118 Orchideae

254 1152 495 1191 monandrae
523 1155 626 1200 sunt,
654 1152 844 1204 quaedam
872 1151 1058 1190 diandrae
1085 1153 1144 1191 uti
1172 1154 1464 1205 Cypripedium.
1512 1154 1593 1194 An-

256 1228 369 1267 thera
395 1227 618 1280 petaloidea
646 1232 705 1267 est
732 1232 800 1267 aut
828 1241 1002 1280 carnosa,
1030 1228 1097 1268 illa
1124 1233 1361 1270 structuram
1387 1231 1501 1270 habet
1527 1245 1595 1283 pe-

258 1305 431 1344 talorum
459 1309 682 1344 structurae
710 1304 966 1355 simillimam,
995 1306 1092 1344 haec
1122 1320 1143 1346 e
1170 1307 1473 1359 parenchymate
1502 1321 1595 1347 con-

258 1386 336 1421 stat
365 1381 591 1432 'compacta
660 1380 742 1421 Aut
777 1386 945 1421 erecta
983 1387 1042 1422 est
1079 1381 1242 1422 anthera
1271 1381 1414 1422 loculis
1449 1385 1595 1435 apertis

257 1458 451 1509 (Orchis),
480 1463 547 1497 aut
572 1471 748 1509 prona,
776 1458 921 1499 loculis
940 1460 1084 1509 apertis
1099 1460 1169 1498 sed
1186 1459 1428 1512 androstylio
1446 1461 1596 1500 incum-

257 1536 440 1575 bentibus
469 1535 712 1587 (Epipactis)
735 1540 801 1575 aut
828 1535 1123 1587 resupinata
1150 1536 1517 1587 (opercularis)
1546 1537 1598 1578 ita

260 1612 422 1661 inflexa,
459 1616 503 1651 ut
537 1616 722 1664 apertura
757 1626 895 1652 versus
932 1613 1218 1664 androstylium
1254 1627 1445 1655 conversa
1480 1617 1531 1656 sit
1558 1622 1597 1657 et

261 1689 379 1740 hujus
409 1701 485 1740 ope
507 1689 710 1729 claudatur
725 1689 965 1739 (Vandeae).
996 1690 1232 1740 Hujusmodi
1248 1691 1411 1732 anthera
1425 1694 1484 1732 uti
1504 1708 1600 1745 quo-

259 1779 336 1819 que
364 1779 492 1817 prona
519 1765 704 1805 facillime
740 1766 787 1804 ab
816 1766 1059 1817 androstylio
1089 1766 1255 1814 secedit,
1290 1779 1364 1805 nec
1390 1778 1480 1804 raro
1508 1779 1602 1816 qua-

261 1843 511 1883 drilocularis
540 1847 612 1882 est.
680 1844 742 1882 De
772 1843 1017 1893 androstylio
1049 1843 1112 1882 cui
1140 1843 1324 1894 imposita
1352 1846 1411 1880 est
1438 1843 1600 1881 anthera

263 1920 365 1959 infra
392 1919 556 1959 dicetur.
612 1919 720 1958 Haec
749 1923 810 1959 est
839 1924 977 1972 quarta
1001 1919 1298 1971 anamorphosis
1325 1919 1510 1958 antherae
1538 1931 1601 1957 su-

262 2009 335 2047 pra
361 1996 435 2036 litt.
463 1997 507 2034 B.
537 1995 718 2036 indicata.

373 2095 657 2134 Orchidearum
672 2083 907 2134 structuram
922 2094 1073 2147 primus
1094 2094 1168 2133 rite
1186 2094 1367 2145 exposuit
1381 2095 1426 2133 R.
1444 2095 1476 2133 Β
1487 2107 1539 2133 1-0
1551 2108 1603 2133 w-

264 2170 378 2210 nius
433 2172 474 2210 in
528 2172 794 2211 Prodromo
850 2173 1031 2212 Florae
1087 2171 1258 2211 Novae
1303 2171 1603 2211 Hollandiae

263 2248 447 2297 (Verm.
478 2247 612 2288 Schr.
644 2249 689 2287 T.
708 2248 746 2288 3.
776 2262 868 2289 nec
895 2262 992 2288 11011
1020 2250 1065 2288 T.
1082 2248 1119 2288 5.
1152 2247 1242 2288 120.
1260 2261 1343 2300 sqq.
1373 2247 1466 2287 439.
1493 2246 1605 2296 449.)

265 2328 348 2364 tum
383 2337 541 2376 quoque
576 2325 620 2364 G.
649 2326 693 2364 L.
723 2325 1000 2366 Richardus
1043 2326 1136 2375 (De
1173 2325 1431 2365 Orchideis
1468 2337 1604 2364 euro-

266 2401 418 2453 paeis.
453 2400 575 2439 Paris.
604 2400 756 2450 1817.)

376 2500 421 2539 In
454 2499 724 2550 Asclepiadeis
766 2500 976 2552 pollinaria
1009 2500 1147 2539 decem
1180 2499 1283 2540 intra
1317 2501 1503 2540 cavitates
1538 2514 1605 2540 an-

269 2574 454 2626 drostylii
481 2576 744 2617 inveniuntur.
800 2579 985 2618 Formam
1022 2577 1170 2618 sacculi
1201 2576 1434 2630 plerumque
1462 2578 1605 2617 habent

1660 243 1680 341 Γ
