1682 2938
923 137 979 178 96

383 244 517 298 Calyx
543 244 568 283 h
575 257 845 299 ypogynus
883 252 943 287 est
977 248 1050 287 sub
1090 249 1264 299 germine
1292 250 1481 299 insertus,
1515 250 1611 300 epi-

274 332 430 372 gynus
463 322 628 372 germini
662 323 852 374 insertus,
891 325 1170 379 perigynus
1210 340 1300 366 cum
1338 327 1513 379 germine
1540 340 1613 378 per

274 398 533 452 hypanthium
562 404 774 450 connatus‚
811 402 938 441 rarius
966 416 1035 441 am
1044 403 1128 454 phi
1137 416 1295 455 gynus
1323 418 1412 443 cum
1439 404 1614 456 germine

273 474 360 526 ipse
389 481 581 515 connatus
610 477 903 529 (Campanula).
967 479 1165 519 Interdum
1204 494 1362 534 quoque
1396 482 1539 533 partim
1574 484 1614 519 et

271 564 345 603 per
370 565 595 604 processus,
623 558 668 593 ut
695 554 737 593 in
763 555 1082 596 Melastomaceis
1111 570 1200 597 cum
1227 559 1401 610 germine
1430 559 1614 599 cohaeret
1649 572 1653 581 ’

271 629 338 680 (R.
367 629 588 669 Brown's
615 643 758 671 verm.
788 631 921 671 Schr.
949 632 987 672 2.
1015 631 1141 684 210.).

380 723 508 775 Galyx
535 735 655 775 saepe
681 737 799 764 verus
827 726 949 774 adest,
977 726 1129 766 corolla
1143 727 1359 778 deficiente,
1387 733 1432 769 ut
1458 729 1499 768 in
1515 729 1615 767 Che-

271 798 485 851 nopodeis‚
520 800 698 853 aliusque
726 814 819 841 vere
847 802 1035 854 Apetalis.
1099 804 1244 844 Deficit
1270 804 1354 855 ipse
1383 805 1424 844 in
1450 805 1614 844 floribus

271 877 386 916 nudis
415 890 449 916 e.
478 889 513 928 g.
540 877 888 928 Amentacearum‚
927 879 1201 919 Coniferarum
1235 885 1308 920 etc.
1337 882 1405 920 ubi
1431 882 1612 920 bracteae

273 955 357 1004 ejus
386 958 584 1005 occupant
610 954 758 996 locum.
813 955 924 996 Alias
951 969 1034 996 non
1062 957 1208 1007 deficit,
1244 958 1316 997 sed
1345 956 1611 998 corollaceam

270 1030 397 1070 induit
423 1036 614 1080 naturam,
643 1035 688 1070 ut
715 1032 756 1070 in
783 1032 1096 1086 Monocotyleis.

379 1120 620 1176 Plerumque
648 1124 911 1177 monocyolus
940 1130 1000 1165 est
1028 1131 1068 1166 et
1102 1140 1369 1181 monogyrus,
1413 1127 1612 1167 rarissime

271 1199 516 1254 polycyclus
544 1204 584 1240 et
610 1204 706 1240 tunc
733 1213 816 1240 non
844 1214 936 1241 raro
964 1215 1055 1242 cum
1082 1205 1265 1244 exanthio
1288 1206 1474 1245 confusus
1500 1209 1546 1244 ut
1571 1205 1613 1243 in

271 1277 421 1317 Cereis.
476 1277 655 1331 Digyrus
690 1290 805 1317 rarus
841 1291 1000 1332 quoque
1036 1284 1114 1327 est3
1161 1281 1357 1321 invenitur
1390 1282 1431 1320 in
1463 1281 1615 1320 Malva-

272 1354 354 1394 ceis
383 1353 626 1406 quibusdam.
690 1354 856 1406 Saepius
894 1368 984 1395 eum
1020 1357 1172 1397 corolla
1209 1359 1377 1398 eundem
1412 1357 1615 1398 constituit

270 1430 504 1484 phyllorum
539 1430 778 1471 verticillum
813 1431 868 1471 ita
909 1436 955 1472 ut
985 1433 1226 1475 androceum
1266 1449 1414 1476 novum
1453 1434 1615 1485 incipiat

269 1507 502 1561 phyllorum
528 1507 776 1557 verticulum,
804 1509 910 1548 unde
939 1510 1141 1551 character
1167 1525 1191 1551 a
1218 1512 1439 1552 Linnaeo
1467 1512 1615 1551 indica-

270 1589 345 1635 tus,
375 1583 567 1625 corollam
595 1598 685 1624 cum
713 1585 944 1627 staminibus
961 1587 1168 1639 alternare,
1195 1589 1456 1641 perianthium
1483 1592 1614 1628 autem

270 1662 422 1713 opponi
447 1662 551 1712 (Ph.
580 1662 677 1702 bot.
705 1662 812 1712 90.);
855 1663 923 1716 qui
949 1665 1056 1717 quod
1082 1666 1344 1717 perianthium
1371 1666 1520 1715 attinet,
1546 1678 1614 1705 ve-

269 1752 338 1779 rus
368 1743 438 1789 est,
467 1739 576 1791 quod
603 1740 805 1789 corollam,
834 1740 1003 1780 minime.

380 1825 543 1880 Calycis
570 1827 711 1880 phylla
739 1827 967 1867 Gandollius
1001 1832 1095 1879 post
1129 1829 1169 1868 N
1180 1831 1409 1869 eckerum
1442 1829 1612 1881 (Elem.

270 1904 366 1943 bot.
399 1904 469 1943 cfr.
498 1902 535 1957 ἓ.
553 1902 669 1954 136.)
698 1905 833 1956 sepala
859 1905 1034 1954 vocavit,
1061 1906 1256 1946 vocabulo
1284 1907 1469 1955 barbaro,
1498 1908 1612 1957 cujus

272 1980 560 2033 etymologiam
587 1994 669 2021 non
695 1982 865 2033 reperio,
894 1982 966 2021 sed
982 1982 1187 2022 tolerando
1207 1996 1295 2023 cum
1323 1982 1512 2035 (pessime
1529 1983 1615 2035 qui-

272 2057 383 2107 dem)
418 2062 623 2109 receptum
659 2059 711 2098 sit
747 2063 786 2098 et
811 2058 942 2112 phylli
969 2059 1205 2099 vocabulum
1241 2060 1291 2099 ad
1323 2061 1453 2101 omnia
1478 2060 1614 2112 phylla

272 2134 469 2185 perigonii
497 2138 536 2174 et
562 2134 759 2174 involucri
786 2135 976 2188 applicari
1002 2136 1139 2187 possit.

383 2222 546 2275 Calycis
574 2223 715 2276 phylla
748 2227 816 2263 aut
844 2223 1013 2263 discreta
1046 2228 1156 2273 sunt,
1202 2228 1269 2264 aut
1298 2224 1430 2264 omnia
1457 2222 1611 2264 coalita.

271 2298 470 2338 Habemus
522 2299 656 2352 itaque
702 2300 885 2354 calycem
930 2300 977 2340 di
990 2325 1008 2331 -
1020 2314 1046 2352 p
1057 2301 1175 2354 olyp
1187 2301 1211 2339 h
1221 2301 1380 2354 yllum
1431 2313 1504 2340 seu
1548 2301 1573 2340 b
1583 2301 1614 2340 i-

272 2373 439 2414 multis
450 2377 660 2434 epalum,
709 2381 792 2417 tum
825 2377 1201 2430 monophyllum
1234 2390 1305 2417 seu
1331 2391 1371 2417 m
1382 2390 1441 2417 on
1452 2389 1614 2428 osepa-

274 2449 325 2491 lu
333 2464 372 2491 m
380 2482 390 2501 ,
431 2465 522 2492 nam
557 2453 784 2505 unisepalus
818 2454 939 2508 calyx
975 2468 1097 2495 unum
1129 2457 1277 2494 tantum
1307 2453 1469 2493 haberet
1495 2453 1614 2506 phyl-

273 2528 357 2568 lum
397 2529 448 2568 ad
490 2528 594 2569 latus
634 2531 829 2582 perigonii
871 2531 1044 2583 positum
1085 2530 1273 2582 Calycem
1313 2528 1614 2582 monosepalum

276 2603 570 2647 Candollius
606 2607 899 2660 gamosepalum
933 2612 1068 2657 vocat,
1117 2604 1313 2648 vocabulo
1346 2606 1406 2646 bis
1432 2605 1612 2655 barbaro,
