1682 2938
903 146 956 187 76

263 261 435 296 trorsum
461 255 624 295 adnatae
660 258 753 295 sunt
778 256 958 296 bracteae
985 257 1157 309 quinque
1194 270 1284 297 cum
1322 256 1517 297 involucri
1541 258 1596 298 la-

265 332 378 372 ciniis
405 332 660 382 alternantes,
690 331 968 382 conniventes,
995 346 1135 384 parum
1163 333 1259 373 tubo
1287 333 1483 373 involucri
1509 333 1595 372 lon-

264 410 407 461 giores.
467 410 577 449 Pone
612 409 804 460 singulam
834 409 1033 449 bracteam
1070 410 1193 449 series
1221 409 1429 449 staminum
1456 422 1595 450 versus

262 485 448 538 germinis
463 485 701 538 pedicellum
719 486 869 525 directa
884 490 954 535 est,
982 486 1127 526 intimis
1154 486 1411 538 longioribus,
1442 485 1597 525 extimis

262 562 522 611 brevioribus,
550 562 708 602 demum
737 563 1066 603 excrescentibus.
1121 563 1263 614 Margo
1291 563 1472 602 bracteae
1498 562 1599 614 pilo-

262 651 348 689 sus,
381 638 505 690 paleis
533 651 691 692 quoque
718 639 967 679 filiformibus
995 639 1148 679 adnatis
1175 639 1290 679 valde
1316 639 1455 691 pilosis
1481 640 1598 678 flave-

260 715 472 755 scentibus.
543 715 718 755 Stamina
756 715 977 764 articulata,
1020 729 1181 768 germen
1220 716 1498 768 pedicellatum
1538 716 1597 755 uti

261 796 410 833 notum.
465 791 536 831 Est
551 791 671 844 igitur
697 798 906 843 amentum,
932 793 1096 833 floribus
1124 793 1251 842 nudis,
1277 792 1544 845 pentastichis,
1573 806 1597 831 a

261 869 370 908 rachi
402 869 602 920 separatis.
666 869 899 922 Calyculum
940 869 1126 921 germinis
1163 870 1260 910 haec
1295 869 1448 921 species
1480 868 1596 908 habet

261 946 496 986 obsoletum.

368 1021 731 1062 Achnanthium
763 1022 1077 1073 (Petermann
1105 1024 1161 1064 de
1190 1004 1317 1063 sso're
1345 1022 1597 1074 gramineo
1652 1016 1654 1019 ’

261 1100 365 1152 Lips.
401 1097 521 1140 1835.
548 1096 678 1150 §.1.)‚
716 1098 871 1139 locusta
905 1101 1068 1140 Veter.
1097 1099 1392 1140 Beauvoisii
1428 1103 1468 1138 et
1496 1098 1596 1136 Tri-

259 1176 332 1216 nii
358 1189 431 1216 seu
457 1174 608 1227 spicula
629 1174 862 1216 Graminum
888 1179 950 1215 est
965 1176 1086 1227 spica,
1112 1176 1221 1215 rachi
1246 1176 1483 1224 tenuissima,
1510 1175 1596 1213 bra-

261 1253 359 1294 cteis
392 1251 615 1304 vaginaceis
651 1251 814 1292 distiche
851 1252 1012 1292 alternis
1055 1251 1218 1291 inclusa.
1292 1251 1411 1303 Spica
1451 1252 1596 1291 haecce

259 1343 343 1371 non
369 1342 461 1369 raro
497 1329 546 1368 ad
581 1328 743 1368 unicum
777 1329 941 1369 reducta
975 1332 1036 1369 est
1068 1330 1219 1368 florem.
1275 1329 1466 1368 Bracteae
1492 1326 1597 1378 vagi-

259 1419 406 1447 naceae
432 1405 665 1458 plerumque
695 1406 795 1445 duae
822 1409 930 1454 sunt,
965 1405 1092 1445 rarius
1126 1405 1263 1453 unica;
1316 1405 1452 1456 plures
1481 1416 1597 1456 quam

261 1485 382 1533 duae,
421 1483 543 1522 flores
570 1482 731 1522 mutilos
758 1482 943 1521 indicant.
1004 1483 1117 1521 Hanc
1149 1482 1398 1522 bractearum
1425 1479 1599 1531 comple-

259 1573 355 1600 xum
382 1572 472 1599 cum
495 1559 520 1598 J
528 1559 734 1599 ussieuo
763 1559 971 1611 glumam
992 1558 1218 1599 vocaverim
1246 1562 1287 1598 et
1311 1558 1489 1597 bracteas
1517 1555 1597 1596 sin-

260 1637 371 1690 gulas
399 1648 489 1675 cum
517 1636 658 1675 eodem
685 1636 867 1677 valvas.
923 1635 1002 1688 Qui
1027 1635 1161 1676 valvas
1176 1635 1328 1687 glumas
1354 1638 1499 1675 vocant
1524 1647 1596 1673 nu·-

258 1726 370 1753 mero
400 1711 555 1764 plurali,
582 1712 818 1752 vocabulum
843 1712 1026 1764 generale
1042 1712 1214 1764 perdunt
1234 1712 1342 1764 quod
1369 1712 1426 1750 uti
1451 1723 1597 1750 nomen

260 1789 457 1831 involucri
498 1789 741 1841 aptissimum
783 1794 853 1828 est.
923 1789 1173 1828 Linnaeus
1217 1789 1394 1839 calycem
1428 1787 1596 1835 vocavit,

259 1867 479 1918 lepicenam
494 1865 789 1914 Richardus,
827 1869 983 1917 tegmen
1001 1865 1333 1905 Beauvoisius
1358 1863 1597 1915 (Belvisius)

259 1943 560 1996 perianthelium
593 1943 956 1982 Petermannus.
1017 1942 1160 1982 Rarius
1195 1942 1327 1994 gluma
1360 1941 1476 1993 plane
1504 1941 1598 1980 defi-

261 2021 325 2060 cit.
381 2019 558 2060 Stamina
592 2022 633 2058 et
662 2018 852 2070 pistillum
878 2033 902 2059 a
929 2010 1080 2059 duabus
1114 2019 1200 2059 aliis
1236 2019 1405 2058 bracteis
1440 2018 1596 2069 vagina-

261 2098 357 2146 ceis,
402 2109 568 2149 quarum
595 2095 720 2135 altera
746 2095 941 2135 interdum
974 2095 1124 2144 deficit,
1166 2095 1318 2135 inclusa
1344 2099 1454 2144 sunt,
1498 2107 1595 2147 quas

260 2174 510 2213 Linnaeus
529 2172 722 2212 corollam
739 2172 960 2224 appellavit,
987 2172 1251 2212 Jussieuus
1281 2172 1468 2224 calycem,
1497 2176 1596 2211 stra-

259 2250 395 2303 gulum
422 2249 757 2289 Beauvoisius
794 2253 834 2289 et
860 2248 1031 2301 singulas
1059 2249 1240 2288 bracteas
1268 2250 1412 2301 paleas,
1439 2248 1595 2300 perigo-

239 2310 369 2368 'nium
402 2327 772 2367 Petermannus.
833 2326 1027 2379 Equidem
1061 2325 1360 2377 glumellam,
1410 2329 1449 2366 et
1480 2326 1596 2376 hujus

259 2405 438 2445 bracteas
465 2403 641 2454 singulas
667 2402 894 2444 valvulas
921 2402 1102 2452 dixerm,
1129 2398 1448 2456 quamvislsaepe
1475 2403 1598 2453 majo-

260 2494 326 2522 res
370 2481 449 2520 sint
483 2479 618 2531 gluma
661 2483 701 2519 et
737 2480 873 2520 valvis.
938 2479 1107 2520 Valvula
1142 2480 1324 2531 superior
1358 2483 1396 2519 et
1430 2478 1595 2519 interior

260 2559 492 2611 plerumque
519 2556 692 2597 binervis
719 2561 797 2607 est,
838 2556 972 2597 nervis
998 2555 1366 2608 submarginalibus‚
1403 2570 1519 2609 quam
1547 2557 1598 2596 ob

261 2647 346 2677 rem
387 2635 434 2675 R.
462 2633 723 2675 Brownius
759 2647 781 2673 e
818 2634 968 2674 duabus
1010 2636 1122 2685 putat
1165 2631 1331 2673 valvulis
1378 2637 1596 2683 connatam,
