<?xml version="1.0" encoding="UTF-8"?>
<!DOCTYPE html PUBLIC "-//W3C//DTD XHTML 1.0 Transitional//EN"
    "http://www.w3.org/TR/xhtml1/DTD/xhtml1-transitional.dtd">
<html xmlns="http://www.w3.org/1999/xhtml" xml:lang="en" lang="en">
 <head>
  <title>
</title>
<meta http-equiv="Content-Type" content="text/html;charset=utf-8" />
  <meta name='ocr-system' content='tesseract 3.04.00' />
  <meta name='ocr-capabilities' content='ocr_page ocr_carea ocr_par ocr_line ocrx_word'/>
</head>
<body>
  <div class='ocr_page' id='page_1' title='image "./elementaphilosop02linkuoft_0254.png"; bbox 0 0 1682 2938; ppageno 0'>
   <div class='ocr_carea' id='block_1_1' title="bbox 891 135 975 175">
    <p class='ocr_par' dir='ltr' id='par_1_1' title="bbox 891 135 975 175">
     <span class='ocr_line' id='line_1_1' title="bbox 891 135 975 175; baseline 0 0"><span class='ocrx_word' id='word_1_1' title='bbox 891 135 975 175; x_wconf 81' lang='lat'><strong>232</strong></span> 
     </span>
    </p>
   </div>
   <div class='ocr_carea' id='block_1_2' title="bbox 270 240 1614 680">
    <p class='ocr_par' dir='ltr' id='par_1_2' title="bbox 270 240 1614 680">
     <span class='ocr_line' id='line_1_2' title="bbox 271 240 1607 298; baseline 0.004 -16"><span class='ocrx_word' id='word_1_2' title='bbox 271 240 564 283; x_wconf 80' lang='lat' dir='ltr'><strong>antheriformia</strong></span> <span class='ocrx_word' id='word_1_3' title='bbox 590 242 783 284; x_wconf 81' lang='lat' dir='ltr'><strong>alternant</strong></span> <span class='ocrx_word' id='word_1_4' title='bbox 811 256 900 284; x_wconf 89' lang='lat' dir='ltr'><strong>cum</strong></span> <span class='ocrx_word' id='word_1_5' title='bbox 928 246 1163 297; x_wconf 87' lang='lat' dir='ltr'><strong>corporibus</strong></span> <span class='ocrx_word' id='word_1_6' title='bbox 1193 247 1369 287; x_wconf 79' lang='lat' dir='ltr'>carnosis</span> <span class='ocrx_word' id='word_1_7' title='bbox 1396 247 1607 298; x_wconf 88' lang='lat' dir='ltr'><strong>pollinaria</strong></span> 
     </span>
     <span class='ocr_line' id='line_1_3' title="bbox 272 319 1610 375; baseline 0.004 -17"><span class='ocrx_word' id='word_1_8' title='bbox 272 319 495 359; x_wconf 84' lang='lat' dir='ltr'><strong>foventibus</strong></span> <span class='ocrx_word' id='word_1_9' title='bbox 528 323 569 359; x_wconf 88' lang='lat' dir='ltr'><strong>et</strong></span> <span class='ocrx_word' id='word_1_10' title='bbox 599 321 785 374; x_wconf 90' lang='lat' dir='ltr'><strong>utrinque</strong></span> <span class='ocrx_word' id='word_1_11' title='bbox 818 321 965 362; x_wconf 86' lang='lat' dir='ltr'><strong>habent</strong></span> <span class='ocrx_word' id='word_1_12' title='bbox 998 323 1237 374; x_wconf 89' lang='lat' dir='ltr'><strong>pedicellum</strong></span> <span class='ocrx_word' id='word_1_13' title='bbox 1265 323 1516 375; x_wconf 84' lang='lat' dir='ltr'><strong>pollinarium</strong></span> <span class='ocrx_word' id='word_1_14' title='bbox 1545 337 1610 375; x_wconf 89' lang='lat' dir='ltr'><strong>ge-</strong></span> 
     </span>
     <span class='ocr_line' id='line_1_4' title="bbox 271 396 1613 451; baseline 0.003 -16"><span class='ocrx_word' id='word_1_15' title='bbox 271 400 424 436; x_wconf 85' lang='lat' dir='ltr'>rentem</span> <span class='ocrx_word' id='word_1_16' title='bbox 451 396 492 436; x_wconf 90' lang='lat' dir='ltr'><strong>in</strong></span> <span class='ocrx_word' id='word_1_17' title='bbox 519 396 720 447; x_wconf 85' lang='lat' dir='ltr'><strong>adjacente</strong></span> <span class='ocrx_word' id='word_1_18' title='bbox 749 410 920 450; x_wconf 87' lang='lat' dir='ltr'><strong>corpore</strong></span> <span class='ocrx_word' id='word_1_19' title='bbox 948 412 1118 439; x_wconf 85' lang='lat' dir='ltr'><strong>carnoso</strong></span> <span class='ocrx_word' id='word_1_20' title='bbox 1146 399 1284 440; x_wconf 85' lang='lat' dir='ltr'><strong>latens.</strong></span> <span class='ocrx_word' id='word_1_21' title='bbox 1323 401 1505 451; x_wconf 81' lang='lat' dir='ltr'>Corpora</span> <span class='ocrx_word' id='word_1_22' title='bbox 1528 413 1613 439; x_wconf 86' lang='lat' dir='ltr'><strong>car-</strong></span> 
     </span>
     <span class='ocr_line' id='line_1_5' title="bbox 271 474 1612 528; baseline 0.003 -16"><span class='ocrx_word' id='word_1_23' title='bbox 271 485 372 513; x_wconf 88' lang='lat' dir='ltr'><strong>nosa</strong></span> <span class='ocrx_word' id='word_1_24' title='bbox 396 486 477 513; x_wconf 84' lang='lat' dir='ltr'><strong>una</strong></span> <span class='ocrx_word' id='word_1_25' title='bbox 504 486 594 513; x_wconf 89' lang='lat' dir='ltr'><strong>cum</strong></span> <span class='ocrx_word' id='word_1_26' title='bbox 620 474 800 526; x_wconf 83' lang='lat' dir='ltr'><strong>stigmate</strong></span> <span class='ocrx_word' id='word_1_27' title='bbox 828 475 981 515; x_wconf 89' lang='lat' dir='ltr'><strong>duobus</strong></span> <span class='ocrx_word' id='word_1_28' title='bbox 1010 476 1249 527; x_wconf 83' lang='lat' dir='ltr'><strong>germinibus</strong></span> <span class='ocrx_word' id='word_1_29' title='bbox 1278 476 1462 528; x_wconf 89' lang='lat' dir='ltr'><strong>imposito</strong></span> <span class='ocrx_word' id='word_1_30' title='bbox 1490 488 1612 516; x_wconf 89' lang='lat' dir='ltr'><strong>unum</strong></span> 
     </span>
     <span class='ocr_line' id='line_1_6' title="bbox 272 550 1614 604; baseline 0.002 -15"><span class='ocrx_word' id='word_1_31' title='bbox 272 562 418 602; x_wconf 88' lang='lat' dir='ltr'><strong>corpus</strong></span> <span class='ocrx_word' id='word_1_32' title='bbox 453 550 715 601; x_wconf 87' lang='lat' dir='ltr'><strong>constituunt,</strong></span> <span class='ocrx_word' id='word_1_33' title='bbox 761 552 869 604; x_wconf 90' lang='lat' dir='ltr'><strong>quod</strong></span> <span class='ocrx_word' id='word_1_34' title='bbox 909 552 1182 604; x_wconf 88' lang='lat' dir='ltr'><strong>stytostegium</strong></span> <span class='ocrx_word' id='word_1_35' title='bbox 1215 553 1376 604; x_wconf 85' lang='lat' dir='ltr'><strong>proprie</strong></span> <span class='ocrx_word' id='word_1_36' title='bbox 1410 553 1511 592; x_wconf 91' lang='lat' dir='ltr'><strong>dico.</strong></span> <span class='ocrx_word' id='word_1_37' title='bbox 1568 553 1614 592; x_wconf 87' lang='lat' dir='ltr'><strong>In</strong></span> 
     </span>
     <span class='ocr_line' id='line_1_7' title="bbox 270 626 1614 680; baseline 0.001 -14"><span class='ocrx_word' id='word_1_38' title='bbox 270 626 424 676; x_wconf 88' lang='lat' dir='ltr'><strong>medio,</strong></span> <span class='ocrx_word' id='word_1_39' title='bbox 459 627 519 666; x_wconf 89' lang='lat' dir='ltr'><strong>uti</strong></span> <span class='ocrx_word' id='word_1_40' title='bbox 546 627 703 679; x_wconf 83' lang='lat' dir='ltr'><strong>stigma,</strong></span> <span class='ocrx_word' id='word_1_41' title='bbox 737 628 854 668; x_wconf 86' lang='lat' dir='ltr'><strong>habet</strong></span> <span class='ocrx_word' id='word_1_42' title='bbox 889 628 1041 668; x_wconf 87' lang='lat' dir='ltr'><strong>initium</strong></span> <span class='ocrx_word' id='word_1_43' title='bbox 1069 629 1216 669; x_wconf 85' lang='lat' dir='ltr'><strong>canalis</strong></span> <span class='ocrx_word' id='word_1_44' title='bbox 1244 629 1450 680; x_wconf 89' lang='lat' dir='ltr'><strong>stigmatici</strong></span> <span class='ocrx_word' id='word_1_45' title='bbox 1476 629 1614 680; x_wconf 80' lang='lat' dir='ltr'><strong>aperti,</strong></span> 
     </span>
    </p>
   </div>
   <div class='ocr_carea' id='block_1_3' title="bbox 272 703 1682 757">
    <p class='ocr_par' dir='ltr' id='par_1_3' title="bbox 272 703 1682 757">
     <span class='ocr_line' id='line_1_8' title="bbox 272 703 1682 757; baseline 0.002 -15"><span class='ocrx_word' id='word_1_46' title='bbox 272 703 345 743; x_wconf 88' lang='lat' dir='ltr'><strong>sed</strong></span> <span class='ocrx_word' id='word_1_47' title='bbox 378 703 548 754; x_wconf 82' lang='lat' dir='ltr'><strong>angusti,</strong></span> <span class='ocrx_word' id='word_1_48' title='bbox 585 703 742 755; x_wconf 83' lang='lat' dir='ltr'><strong>papillis</strong></span> <span class='ocrx_word' id='word_1_49' title='bbox 775 705 926 756; x_wconf 86' lang='lat' dir='ltr'><strong>longis,</strong></span> <span class='ocrx_word' id='word_1_50' title='bbox 965 710 1049 744; x_wconf 86' lang='lat' dir='ltr'><strong>tum</strong></span> <span class='ocrx_word' id='word_1_51' title='bbox 1085 705 1220 744; x_wconf 84' lang='lat' dir='ltr'><strong>clausi.</strong></span> <span class='ocrx_word' id='word_1_52' title='bbox 1277 706 1408 757; x_wconf 88' lang='lat' dir='ltr'><strong>Cingit</strong></span> <span class='ocrx_word' id='word_1_53' title='bbox 1437 706 1613 745; x_wconf 86' lang='lat' dir='ltr'><strong>canalem</strong></span> <span class='ocrx_word' id='word_1_54' title='bbox 1679 752 1682 756; x_wconf 28' lang='lat' dir='ltr'><em>s</em></span> 
     </span>
    </p>
   </div>
   <div class='ocr_carea' id='block_1_4' title="bbox 271 769 1677 1828">
    <p class='ocr_par' dir='ltr' id='par_1_4' title="bbox 271 769 1677 987">
     <span class='ocr_line' id='line_1_9' title="bbox 271 769 1677 833; baseline 0.004 -15"><span class='ocrx_word' id='word_1_55' title='bbox 271 779 425 819; x_wconf 88' lang='lat' dir='ltr'><strong>huncce</strong></span> <span class='ocrx_word' id='word_1_56' title='bbox 461 779 661 831; x_wconf 89' lang='lat' dir='ltr'><strong>cylindrus</strong></span> <span class='ocrx_word' id='word_1_57' title='bbox 697 794 719 820; x_wconf 93' lang='lat' dir='ltr'><strong>e</strong></span> <span class='ocrx_word' id='word_1_58' title='bbox 746 781 1047 833; x_wconf 83' lang='lat' dir='ltr'><strong>parenchymate</strong></span> <span class='ocrx_word' id='word_1_59' title='bbox 1083 781 1224 821; x_wconf 88' lang='lat' dir='ltr'><strong>stricto</strong></span> <span class='ocrx_word' id='word_1_60' title='bbox 1261 781 1460 822; x_wconf 86' lang='lat' dir='ltr'><strong>fasciculis</strong></span> <span class='ocrx_word' id='word_1_61' title='bbox 1499 795 1614 822; x_wconf 88' lang='lat' dir='ltr'><strong>vaso-</strong></span> <span class='ocrx_word' id='word_1_62' title='bbox 1675 769 1677 773; x_wconf 16' lang='lat' dir='ltr'><em>V</em></span> 
     </span>
     <span class='ocr_line' id='line_1_10' title="bbox 273 856 1613 910; baseline 0.003 -16"><span class='ocrx_word' id='word_1_63' title='bbox 273 868 363 895; x_wconf 83' lang='lat' dir='ltr'><strong>rum</strong></span> <span class='ocrx_word' id='word_1_64' title='bbox 389 856 593 908; x_wconf 88' lang='lat' dir='ltr'><strong>spiralium</strong></span> <span class='ocrx_word' id='word_1_65' title='bbox 628 857 850 908; x_wconf 84' lang='lat' dir='ltr'><strong>distinctus,</strong></span> <span class='ocrx_word' id='word_1_66' title='bbox 892 859 959 910; x_wconf 92' lang='lat' dir='ltr'><strong>qui</strong></span> <span class='ocrx_word' id='word_1_67' title='bbox 994 858 1174 898; x_wconf 83' lang='lat' dir='ltr'><strong>bifariam</strong></span> <span class='ocrx_word' id='word_1_68' title='bbox 1205 858 1373 909; x_wconf 89' lang='lat' dir='ltr'><strong>partitus</strong></span> <span class='ocrx_word' id='word_1_69' title='bbox 1409 859 1458 898; x_wconf 90' lang='lat' dir='ltr'><strong>ad</strong></span> <span class='ocrx_word' id='word_1_70' title='bbox 1485 859 1613 910; x_wconf 79' lang='lat' dir='ltr'><strong>stylos</strong></span> 
     </span>
     <span class='ocr_line' id='line_1_11' title="bbox 272 933 649 987; baseline 0.003 -14"><span class='ocrx_word' id='word_1_71' title='bbox 272 933 530 987; x_wconf 86' lang='lat' dir='ltr'><strong>germinaque</strong></span> <span class='ocrx_word' id='word_1_72' title='bbox 557 933 649 974; x_wconf 85' lang='lat' dir='ltr'><strong>abit.</strong></span> 
     </span>
    </p>

    <p class='ocr_par' dir='ltr' id='par_1_5' title="bbox 273 1010 1671 1828">
     <span class='ocr_line' id='line_1_12' title="bbox 379 1010 1612 1063; baseline 0.002 -14"><span class='ocrx_word' id='word_1_73' title='bbox 379 1010 442 1049; x_wconf 86' lang='lat' dir='ltr'><strong>De</strong></span> <span class='ocrx_word' id='word_1_74' title='bbox 477 1010 656 1062; x_wconf 87' lang='lat' dir='ltr'><strong>stigmate</strong></span> <span class='ocrx_word' id='word_1_75' title='bbox 689 1010 842 1051; x_wconf 90' lang='lat' dir='ltr'><strong>nullum</strong></span> <span class='ocrx_word' id='word_1_76' title='bbox 873 1010 1033 1050; x_wconf 90' lang='lat' dir='ltr'><strong>dubium</strong></span> <span class='ocrx_word' id='word_1_77' title='bbox 1072 1015 1149 1059; x_wconf 87' lang='lat' dir='ltr'><strong>est,</strong></span> <span class='ocrx_word' id='word_1_78' title='bbox 1189 1023 1265 1050; x_wconf 90' lang='lat' dir='ltr'><strong>nec</strong></span> <span class='ocrx_word' id='word_1_79' title='bbox 1301 1010 1350 1050; x_wconf 89' lang='lat' dir='ltr'><strong>de</strong></span> <span class='ocrx_word' id='word_1_80' title='bbox 1385 1011 1612 1063; x_wconf 88' lang='lat' dir='ltr'><strong>pollinariis.</strong></span> 
     </span>
     <span class='ocr_line' id='line_1_13' title="bbox 273 1083 1614 1137; baseline 0.001 -12"><span class='ocrx_word' id='word_1_81' title='bbox 273 1083 455 1137; x_wconf 86' lang='lat' dir='ltr'><strong>Corpora</strong></span> <span class='ocrx_word' id='word_1_82' title='bbox 489 1099 657 1127; x_wconf 88' lang='lat' dir='ltr'><strong>carnosa</strong></span> <span class='ocrx_word' id='word_1_83' title='bbox 692 1087 835 1128; x_wconf 85' lang='lat' dir='ltr'><strong>viridia</strong></span> <span class='ocrx_word' id='word_1_84' title='bbox 871 1090 939 1126; x_wconf 84' lang='lat' dir='ltr'><strong>aut</strong></span> <span class='ocrx_word' id='word_1_85' title='bbox 966 1086 1054 1125; x_wconf 86' lang='lat' dir='ltr'><strong>alba</strong></span> <span class='ocrx_word' id='word_1_86' title='bbox 1081 1086 1223 1125; x_wconf 88' lang='lat' dir='ltr'><strong>similia</strong></span> <span class='ocrx_word' id='word_1_87' title='bbox 1256 1091 1348 1126; x_wconf 89' lang='lat' dir='ltr'><strong>sunt</strong></span> <span class='ocrx_word' id='word_1_88' title='bbox 1375 1088 1546 1127; x_wconf 87' lang='lat' dir='ltr'><strong>antheris</strong></span> <span class='ocrx_word' id='word_1_89' title='bbox 1572 1089 1614 1127; x_wconf 90' lang='lat' dir='ltr'><strong>in</strong></span> 
     </span>
     <span class='ocr_line' id='line_1_14' title="bbox 273 1162 1614 1218; baseline 0.001 -17"><span class='ocrx_word' id='word_1_90' title='bbox 273 1162 435 1214; x_wconf 86' lang='lat' dir='ltr'><strong>Clavija‚</strong></span> <span class='ocrx_word' id='word_1_91' title='bbox 463 1163 506 1203; x_wconf 89' lang='lat' dir='ltr'><strong>in</strong></span> <span class='ocrx_word' id='word_1_92' title='bbox 533 1164 686 1217; x_wconf 91' lang='lat' dir='ltr'><strong>quibus,</strong></span> <span class='ocrx_word' id='word_1_93' title='bbox 714 1165 772 1205; x_wconf 88' lang='lat' dir='ltr'><strong>uti</strong></span> <span class='ocrx_word' id='word_1_94' title='bbox 787 1162 824 1218; x_wconf 81' lang='lat'>§</span> <span class='ocrx_word' id='word_1_95' title='bbox 837 1176 897 1216; x_wconf 91' lang='lat' dir='ltr'><strong>pr.</strong></span> <span class='ocrx_word' id='word_1_96' title='bbox 917 1163 1063 1203; x_wconf 89' lang='lat' dir='ltr'><strong>dictum</strong></span> <span class='ocrx_word' id='word_1_97' title='bbox 1092 1166 1160 1212; x_wconf 85' lang='lat' dir='ltr'><strong>est,</strong></span> <span class='ocrx_word' id='word_1_98' title='bbox 1189 1163 1504 1203; x_wconf 87' lang='lat' dir='ltr'><strong>connecticulum</strong></span> <span class='ocrx_word' id='word_1_99' title='bbox 1532 1177 1614 1204; x_wconf 88' lang='lat' dir='ltr'><strong>car-</strong></span> 
     </span>
     <span class='ocr_line' id='line_1_15' title="bbox 273 1239 1615 1294; baseline 0 -15"><span class='ocrx_word' id='word_1_100' title='bbox 273 1251 419 1280; x_wconf 90' lang='lat' dir='ltr'><strong>nosum</strong></span> <span class='ocrx_word' id='word_1_101' title='bbox 446 1253 647 1292; x_wconf 87' lang='lat' dir='ltr'><strong>magnum,</strong></span> <span class='ocrx_word' id='word_1_102' title='bbox 675 1242 716 1282; x_wconf 92' lang='lat' dir='ltr'><strong>in</strong></span> <span class='ocrx_word' id='word_1_103' title='bbox 741 1240 885 1294; x_wconf 86' lang='lat' dir='ltr'><strong>pagina</strong></span> <span class='ocrx_word' id='word_1_104' title='bbox 912 1239 1102 1279; x_wconf 85' lang='lat' dir='ltr'><strong>inferiore</strong></span> <span class='ocrx_word' id='word_1_105' title='bbox 1130 1252 1264 1279; x_wconf 86' lang='lat' dir='ltr'><strong>veram</strong></span> <span class='ocrx_word' id='word_1_106' title='bbox 1290 1240 1489 1279; x_wconf 87' lang='lat' dir='ltr'><strong>antheram</strong></span> <span class='ocrx_word' id='word_1_107' title='bbox 1516 1241 1615 1280; x_wconf 92' lang='lat' dir='ltr'><strong>bilo-</strong></span> 
     </span>
     <span class='ocr_line' id='line_1_16' title="bbox 275 1316 1615 1369; baseline 0.001 -13"><span class='ocrx_word' id='word_1_108' title='bbox 275 1316 450 1358; x_wconf 90' lang='lat' dir='ltr'><strong>cularem</strong></span> <span class='ocrx_word' id='word_1_109' title='bbox 477 1318 589 1369; x_wconf 85' lang='lat' dir='ltr'><strong>gerit.</strong></span> <span class='ocrx_word' id='word_1_110' title='bbox 652 1319 751 1359; x_wconf 89' lang='lat' dir='ltr'><strong>Esse</strong></span> <span class='ocrx_word' id='word_1_111' title='bbox 785 1318 889 1358; x_wconf 91' lang='lat' dir='ltr'><strong>idem</strong></span> <span class='ocrx_word' id='word_1_112' title='bbox 924 1317 1243 1358; x_wconf 88' lang='lat' dir='ltr'><strong>connecticulum</strong></span> <span class='ocrx_word' id='word_1_113' title='bbox 1277 1317 1318 1355; x_wconf 92' lang='lat' dir='ltr'><strong>in</strong></span> <span class='ocrx_word' id='word_1_114' title='bbox 1344 1316 1615 1369; x_wconf 86' lang='lat' dir='ltr'><strong>Asclepiadeis</strong></span> 
     </span>
     <span class='ocr_line' id='line_1_17' title="bbox 273 1393 1616 1447; baseline 0.001 -15"><span class='ocrx_word' id='word_1_115' title='bbox 273 1397 385 1445; x_wconf 89' lang='lat' dir='ltr'><strong>puto,</strong></span> <span class='ocrx_word' id='word_1_116' title='bbox 413 1394 583 1435; x_wconf 87' lang='lat' dir='ltr'><strong>deficere</strong></span> <span class='ocrx_word' id='word_1_117' title='bbox 610 1408 707 1436; x_wconf 88' lang='lat' dir='ltr'><strong>vero</strong></span> <span class='ocrx_word' id='word_1_118' title='bbox 734 1395 889 1436; x_wconf 87' lang='lat' dir='ltr'><strong>loculos</strong></span> <span class='ocrx_word' id='word_1_119' title='bbox 917 1395 1186 1447; x_wconf 84' lang='lat' dir='ltr'><strong>polliniferos,</strong></span> <span class='ocrx_word' id='word_1_120' title='bbox 1213 1397 1257 1433; x_wconf 88' lang='lat' dir='ltr'><strong>ut</strong></span> <span class='ocrx_word' id='word_1_121' title='bbox 1283 1393 1415 1446; x_wconf 81' lang='lat' dir='ltr'><strong>itaque</strong></span> <span class='ocrx_word' id='word_1_122' title='bbox 1446 1407 1616 1445; x_wconf 87' lang='lat' dir='ltr'><strong>corpora</strong></span> 
     </span>
     <span class='ocr_line' id='line_1_18' title="bbox 275 1458 1617 1525; baseline 0 -15"><span class='ocrx_word' id='word_1_123' title='bbox 275 1470 349 1510; x_wconf 88' lang='lat' dir='ltr'><strong>ista</strong></span> <span class='ocrx_word' id='word_1_124' title='bbox 383 1458 556 1525; x_wconf 85' lang='lat' dir='ltr'><strong>quinque</strong></span> <span class='ocrx_word' id='word_1_125' title='bbox 594 1484 760 1512; x_wconf 87' lang='lat' dir='ltr'><strong>carnosa</strong></span> <span class='ocrx_word' id='word_1_126' title='bbox 797 1473 980 1512; x_wconf 89' lang='lat' dir='ltr'><strong>antheras</strong></span> <span class='ocrx_word' id='word_1_127' title='bbox 1007 1483 1167 1511; x_wconf 84' lang='lat' dir='ltr'><strong>mancas</strong></span> <span class='ocrx_word' id='word_1_128' title='bbox 1196 1470 1362 1510; x_wconf 85' lang='lat' dir='ltr'><strong>dixerim</strong></span> <span class='ocrx_word' id='word_1_129' title='bbox 1390 1474 1431 1510; x_wconf 85' lang='lat' dir='ltr'><strong>et</strong></span> <span class='ocrx_word' id='word_1_130' title='bbox 1458 1471 1617 1523; x_wconf 88' lang='lat' dir='ltr'><strong>quidem</strong></span> 
     </span>
     <span class='ocr_line' id='line_1_19' title="bbox 275 1546 1617 1601; baseline 0.001 -15"><span class='ocrx_word' id='word_1_131' title='bbox 275 1546 318 1586; x_wconf 93' lang='lat' dir='ltr'><strong>in</strong></span> <span class='ocrx_word' id='word_1_132' title='bbox 344 1559 445 1599; x_wconf 87' lang='lat' dir='ltr'><strong>gyro</strong></span> <span class='ocrx_word' id='word_1_133' title='bbox 475 1549 673 1589; x_wconf 87' lang='lat' dir='ltr'><strong>exteriore</strong></span> <span class='ocrx_word' id='word_1_134' title='bbox 700 1549 871 1601; x_wconf 80' lang='lat' dir='ltr'><strong>positas,</strong></span> <span class='ocrx_word' id='word_1_135' title='bbox 902 1548 1139 1599; x_wconf 87' lang='lat' dir='ltr'><strong>corpuscula</strong></span> <span class='ocrx_word' id='word_1_136' title='bbox 1171 1560 1268 1587; x_wconf 90' lang='lat' dir='ltr'><strong>vero</strong></span> <span class='ocrx_word' id='word_1_137' title='bbox 1297 1548 1408 1587; x_wconf 86' lang='lat' dir='ltr'><strong>fusca</strong></span> <span class='ocrx_word' id='word_1_138' title='bbox 1434 1548 1617 1587; x_wconf 87' lang='lat' dir='ltr'><strong>antherae</strong></span> 
     </span>
     <span class='ocr_line' id='line_1_20' title="bbox 274 1622 1671 1676; baseline -0.001 -13"><span class='ocrx_word' id='word_1_139' title='bbox 274 1622 432 1664; x_wconf 92' lang='lat' dir='ltr'><strong>loculos</strong></span> <span class='ocrx_word' id='word_1_140' title='bbox 459 1629 557 1676; x_wconf 90' lang='lat' dir='ltr'><strong>puto</strong></span> <span class='ocrx_word' id='word_1_141' title='bbox 586 1625 771 1675; x_wconf 85' lang='lat' dir='ltr'><strong>effoetos‚</strong></span> <span class='ocrx_word' id='word_1_142' title='bbox 813 1629 851 1665; x_wconf 87' lang='lat' dir='ltr'><strong>et</strong></span> <span class='ocrx_word' id='word_1_143' title='bbox 887 1625 979 1665; x_wconf 90' lang='lat' dir='ltr'><strong>ideo</strong></span> <span class='ocrx_word' id='word_1_144' title='bbox 1006 1638 1147 1676; x_wconf 85' lang='lat' dir='ltr'><strong>gyrum</strong></span> <span class='ocrx_word' id='word_1_145' title='bbox 1173 1623 1402 1663; x_wconf 90' lang='lat' dir='ltr'><strong>interiorem</strong></span> <span class='ocrx_word' id='word_1_146' title='bbox 1437 1624 1618 1663; x_wconf 81' lang='lat' dir='ltr'><strong>anthera·</strong></span> <span class='ocrx_word' id='word_1_147' title='bbox 1668 1630 1671 1632; x_wconf 65' lang='grc'><strong>“</strong></span> 
     </span>
     <span class='ocr_line' id='line_1_21' title="bbox 275 1700 1616 1754; baseline -0.001 -15"><span class='ocrx_word' id='word_1_148' title='bbox 275 1712 364 1739; x_wconf 86' lang='lat' dir='ltr'><strong>rum</strong></span> <span class='ocrx_word' id='word_1_149' title='bbox 393 1701 569 1751; x_wconf 87' lang='lat' dir='ltr'><strong>efficere,</strong></span> <span class='ocrx_word' id='word_1_150' title='bbox 614 1715 780 1754; x_wconf 85' lang='lat' dir='ltr'><strong>quarum</strong></span> <span class='ocrx_word' id='word_1_151' title='bbox 813 1701 1023 1753; x_wconf 87' lang='lat' dir='ltr'><strong>pollinaria</strong></span> <span class='ocrx_word' id='word_1_152' title='bbox 1056 1702 1160 1740; x_wconf 87' lang='lat' dir='ltr'><strong>intra</strong></span> <span class='ocrx_word' id='word_1_153' title='bbox 1193 1701 1372 1740; x_wconf 85' lang='lat' dir='ltr'><strong>antheras</strong></span> <span class='ocrx_word' id='word_1_154' title='bbox 1401 1700 1616 1740; x_wconf 87' lang='lat' dir='ltr'><strong>exteriores</strong></span> 
     </span>
     <span class='ocr_line' id='line_1_22' title="bbox 275 1776 1507 1828; baseline -0.001 -11"><span class='ocrx_word' id='word_1_155' title='bbox 275 1777 479 1818; x_wconf 85' lang='lat' dir='ltr'><strong>recondita</strong></span> <span class='ocrx_word' id='word_1_156' title='bbox 505 1782 608 1818; x_wconf 85' lang='lat' dir='ltr'><strong>sunt.</strong></span> <span class='ocrx_word' id='word_1_157' title='bbox 663 1778 744 1818; x_wconf 90' lang='lat' dir='ltr'><strong>Sed</strong></span> <span class='ocrx_word' id='word_1_158' title='bbox 770 1778 953 1818; x_wconf 83' lang='lat' dir='ltr'><strong>lubenter</strong></span> <span class='ocrx_word' id='word_1_159' title='bbox 984 1777 1084 1817; x_wconf 92' lang='lat' dir='ltr'><strong>cedo</strong></span> <span class='ocrx_word' id='word_1_160' title='bbox 1112 1776 1253 1815; x_wconf 88' lang='lat' dir='ltr'><strong>melius</strong></span> <span class='ocrx_word' id='word_1_161' title='bbox 1282 1776 1507 1828; x_wconf 87' lang='lat' dir='ltr'><strong>explicanti.</strong></span> 
     </span>
    </p>
   </div>
   <div class='ocr_carea' id='block_1_5' title="bbox 279 1914 1616 2143">
    <p class='ocr_par' dir='ltr' id='par_1_6' title="bbox 279 1914 1616 2143">
     <span class='ocr_line' id='line_1_23' title="bbox 279 1914 1615 1967; baseline -0.003 0"><span class='ocrx_word' id='word_1_162' title='bbox 279 1919 385 1966; x_wconf 82' lang='lat'>144.</span> <span class='ocrx_word' id='word_1_163' title='bbox 451 1918 626 1967; x_wconf 85' lang='lat' dir='ltr'><strong>Flores</strong></span> <span class='ocrx_word' id='word_1_164' title='bbox 682 1918 948 1967; x_wconf 84' lang='lat' dir='ltr'><strong>secundum</strong></span> <span class='ocrx_word' id='word_1_165' title='bbox 994 1934 1200 1966; x_wconf 86' lang='lat' dir='ltr'><strong>sexum</strong></span> <span class='ocrx_word' id='word_1_166' title='bbox 1255 1921 1339 1964; x_wconf 84' lang='lat' dir='ltr'><strong>aut</strong></span> <span class='ocrx_word' id='word_1_167' title='bbox 1386 1914 1547 1963; x_wconf 84' lang='lat' dir='ltr'><strong>herm</strong></span> <span class='ocrx_word' id='word_1_168' title='bbox 1563 1934 1615 1964; x_wconf 84' lang='lat' dir='ltr'><strong>a·</strong></span> 
     </span>
     <span class='ocr_line' id='line_1_24' title="bbox 470 2002 1616 2071; baseline -0.001 -17"><span class='ocrx_word' id='word_1_169' title='bbox 470 2006 746 2071; x_wconf 82' lang='lat' dir='ltr'><strong>phroditi</strong></span> <span class='ocrx_word' id='word_1_170' title='bbox 776 2011 915 2067; x_wconf 84' lang='lat' dir='ltr'><strong>sunt,</strong></span> <span class='ocrx_word' id='word_1_171' title='bbox 978 2010 1062 2054; x_wconf 87' lang='lat' dir='ltr'><strong>aut</strong></span> <span class='ocrx_word' id='word_1_172' title='bbox 1095 2002 1371 2067; x_wconf 87' lang='lat' dir='ltr'><strong>masculi,</strong></span> <span class='ocrx_word' id='word_1_173' title='bbox 1426 2009 1510 2052; x_wconf 84' lang='lat' dir='ltr'><strong>aut</strong></span> <span class='ocrx_word' id='word_1_174' title='bbox 1539 2003 1616 2053; x_wconf 81' lang='lat' dir='ltr'><strong>fe-</strong></span> 
     </span>
     <span class='ocr_line' id='line_1_25' title="bbox 471 2112 662 2143; baseline 0 -1"><span class='ocrx_word' id='word_1_175' title='bbox 471 2112 662 2143; x_wconf 81' lang='lat' dir='ltr'><strong>mmel.</strong></span> 
     </span>
    </p>
   </div>
   <div class='ocr_carea' id='block_1_6' title="bbox 386 2213 1682 2269">
    <p class='ocr_par' dir='ltr' id='par_1_7' title="bbox 386 2213 1682 2269">
     <span class='ocr_line' id='line_1_26' title="bbox 386 2213 1682 2269; baseline -0.002 -14"><span class='ocrx_word' id='word_1_176' title='bbox 386 2214 484 2255; x_wconf 87' lang='lat' dir='ltr'><strong>Flos</strong></span> <span class='ocrx_word' id='word_1_177' title='bbox 520 2216 956 2269; x_wconf 83' lang='lat' dir='ltr'><strong>hermaphroditus</strong></span> <span class='ocrx_word' id='word_1_178' title='bbox 994 2220 1073 2264; x_wconf 83' lang='lat' dir='ltr'><strong>est,</strong></span> <span class='ocrx_word' id='word_1_179' title='bbox 1115 2215 1182 2267; x_wconf 93' lang='lat' dir='ltr'><strong>qui</strong></span> <span class='ocrx_word' id='word_1_180' title='bbox 1209 2216 1376 2255; x_wconf 85' lang='lat' dir='ltr'><strong>stamina</strong></span> <span class='ocrx_word' id='word_1_181' title='bbox 1403 2218 1442 2255; x_wconf 90' lang='lat' dir='ltr'><strong>et</strong></span> <span class='ocrx_word' id='word_1_182' title='bbox 1469 2214 1616 2265; x_wconf 89' lang='lat' dir='ltr'><strong>pistilla</strong></span> <span class='ocrx_word' id='word_1_183' title='bbox 1676 2213 1682 2217; x_wconf 83' lang='grc'><strong>’</strong></span> 
     </span>
    </p>
   </div>
   <div class='ocr_carea' id='block_1_7' title="bbox 278 2291 1668 2652">
    <p class='ocr_par' dir='ltr' id='par_1_8' title="bbox 278 2291 1668 2652">
     <span class='ocr_line' id='line_1_27' title="bbox 278 2291 1616 2347; baseline -0.001 -16"><span class='ocrx_word' id='word_1_184' title='bbox 278 2291 397 2344; x_wconf 87' lang='lat' dir='ltr'><strong>gerit,</strong></span> <span class='ocrx_word' id='word_1_185' title='bbox 442 2293 515 2332; x_wconf 86' lang='lat' dir='ltr'><strong>flos</strong></span> <span class='ocrx_word' id='word_1_186' title='bbox 550 2293 814 2342; x_wconf 86' lang='lat' dir='ltr'><strong>masculus,</strong></span> <span class='ocrx_word' id='word_1_187' title='bbox 857 2292 923 2346; x_wconf 91' lang='lat' dir='ltr'><strong>qui</strong></span> <span class='ocrx_word' id='word_1_188' title='bbox 960 2291 1124 2331; x_wconf 87' lang='lat' dir='ltr'><strong>stamina</strong></span> <span class='ocrx_word' id='word_1_189' title='bbox 1167 2296 1338 2341; x_wconf 83' lang='lat' dir='ltr'><strong>tantum,</strong></span> <span class='ocrx_word' id='word_1_190' title='bbox 1381 2293 1456 2347; x_wconf 84' lang='lat' dir='ltr'><strong>flos</strong></span> <span class='ocrx_word' id='word_1_191' title='bbox 1486 2292 1505 2330; x_wconf 85' lang='lat' dir='ltr'>f</span> <span class='ocrx_word' id='word_1_192' title='bbox 1510 2291 1616 2330; x_wconf 90' lang='lat' dir='ltr'><strong>emi-</strong></span> 
     </span>
     <span class='ocr_line' id='line_1_28' title="bbox 278 2367 1616 2421; baseline -0.002 -12"><span class='ocrx_word' id='word_1_193' title='bbox 278 2381 417 2418; x_wconf 88' lang='lat' dir='ltr'><strong>neus,</strong></span> <span class='ocrx_word' id='word_1_194' title='bbox 455 2369 523 2421; x_wconf 87' lang='lat' dir='ltr'><strong>qui</strong></span> <span class='ocrx_word' id='word_1_195' title='bbox 548 2370 696 2421; x_wconf 87' lang='lat' dir='ltr'><strong>pistilla</strong></span> <span class='ocrx_word' id='word_1_196' title='bbox 724 2374 886 2409; x_wconf 84' lang='lat' dir='ltr'><strong>tantum.</strong></span> <span class='ocrx_word' id='word_1_197' title='bbox 942 2369 1039 2408; x_wconf 82' lang='lat' dir='ltr'><strong>Pars</strong></span> <span class='ocrx_word' id='word_1_198' title='bbox 1073 2369 1366 2420; x_wconf 89' lang='lat' dir='ltr'><strong>androgyna</strong></span> <span class='ocrx_word' id='word_1_199' title='bbox 1399 2368 1520 2406; x_wconf 87' lang='lat' dir='ltr'><strong>flores</strong></span> <span class='ocrx_word' id='word_1_200' title='bbox 1547 2367 1616 2406; x_wconf 89' lang='lat' dir='ltr'><strong>ha-</strong></span> 
     </span>
     <span class='ocr_line' id='line_1_29' title="bbox 278 2443 1668 2496; baseline -0.001 -12"><span class='ocrx_word' id='word_1_201' title='bbox 278 2445 346 2485; x_wconf 85' lang='lat' dir='ltr'><strong>bet</strong></span> <span class='ocrx_word' id='word_1_202' title='bbox 369 2445 566 2485; x_wconf 80' lang='lat' dir='ltr'><strong>masculos</strong></span> <span class='ocrx_word' id='word_1_203' title='bbox 589 2451 628 2486; x_wconf 89' lang='lat' dir='ltr'><strong>et</strong></span> <span class='ocrx_word' id='word_1_204' title='bbox 650 2447 853 2487; x_wconf 84' lang='lat' dir='ltr'><strong>femineos.</strong></span> <span class='ocrx_word' id='word_1_205' title='bbox 888 2446 1026 2485; x_wconf 89' lang='lat' dir='ltr'><strong>Planta</strong></span> <span class='ocrx_word' id='word_1_206' title='bbox 1052 2443 1449 2496; x_wconf 86' lang='lat' dir='ltr'><strong>hermaphrodita</strong></span> <span class='ocrx_word' id='word_1_207' title='bbox 1477 2455 1614 2483; x_wconf 90' lang='lat' dir='ltr'><strong>omnes</strong></span> <span class='ocrx_word' id='word_1_208' title='bbox 1666 2468 1668 2473; x_wconf 68' lang='lat'><strong>,</strong></span> 
     </span>
     <span class='ocr_line' id='line_1_30' title="bbox 279 2520 1614 2575; baseline -0.001 -14"><span class='ocrx_word' id='word_1_209' title='bbox 279 2522 399 2561; x_wconf 86' lang='lat' dir='ltr'><strong>flores</strong></span> <span class='ocrx_word' id='word_1_210' title='bbox 426 2522 765 2575; x_wconf 87' lang='lat' dir='ltr'><strong>hermaphroditos</strong></span> <span class='ocrx_word' id='word_1_211' title='bbox 794 2524 903 2575; x_wconf 86' lang='lat' dir='ltr'><strong>gerit,</strong></span> <span class='ocrx_word' id='word_1_212' title='bbox 931 2523 1175 2571; x_wconf 77' lang='lat' dir='ltr'><strong>monnica,</strong></span> <span class='ocrx_word' id='word_1_213' title='bbox 1202 2523 1321 2561; x_wconf 85' lang='lat' dir='ltr'><strong>flores</strong></span> <span class='ocrx_word' id='word_1_214' title='bbox 1349 2520 1547 2560; x_wconf 87' lang='lat' dir='ltr'><strong>masculos</strong></span> <span class='ocrx_word' id='word_1_215' title='bbox 1574 2523 1614 2559; x_wconf 91' lang='lat' dir='ltr'><strong>et</strong></span> 
     </span>
     <span class='ocr_line' id='line_1_31' title="bbox 279 2597 1614 2652; baseline -0.002 -14"><span class='ocrx_word' id='word_1_216' title='bbox 279 2598 469 2639; x_wconf 87' lang='lat' dir='ltr'><strong>femineos</strong></span> <span class='ocrx_word' id='word_1_217' title='bbox 495 2599 536 2639; x_wconf 92' lang='lat' dir='ltr'><strong>in</strong></span> <span class='ocrx_word' id='word_1_218' title='bbox 565 2600 700 2641; x_wconf 87' lang='lat' dir='ltr'><strong>eadem</strong></span> <span class='ocrx_word' id='word_1_219' title='bbox 738 2601 876 2652; x_wconf 89' lang='lat' dir='ltr'><strong>stirpe,</strong></span> <span class='ocrx_word' id='word_1_220' title='bbox 920 2600 1087 2640; x_wconf 88' lang='lat' dir='ltr'><strong>dioica</strong></span> <span class='ocrx_word' id='word_1_221' title='bbox 1113 2600 1231 2639; x_wconf 88' lang='lat' dir='ltr'><strong>flores</strong></span> <span class='ocrx_word' id='word_1_222' title='bbox 1265 2598 1462 2639; x_wconf 86' lang='lat' dir='ltr'><strong>masculos</strong></span> <span class='ocrx_word' id='word_1_223' title='bbox 1492 2600 1531 2636; x_wconf 90' lang='lat' dir='ltr'><strong>ct</strong></span> <span class='ocrx_word' id='word_1_224' title='bbox 1558 2597 1614 2635; x_wconf 87' lang='lat' dir='ltr'><strong>fc-</strong></span> 
     </span>
    </p>
   </div>
  </div>
 </body>
</html>
