1682 2938
901 135 982 177 148

270 245 334 285 liis
361 245 557 296 producit.
611 245 713 284 Tum
741 250 873 296 partes
901 245 1230 298 multiplicantur;
1258 258 1411 298 gemma
1438 247 1539 285 enim
1567 248 1607 286 in
1661 267 1675 302 g

270 323 410 361 florem
437 325 583 361 mutata
610 334 781 373 gemmas
810 322 904 361 alias
932 336 1098 362 numero
1127 323 1364 372 indefinitas,
1393 336 1489 375 quas
1516 337 1608 375 pro·
1662 314 1675 354 's

269 398 465 448 duxisset,
506 399 557 438 ad
585 397 740 439 certum
765 411 972 438 numerum
1000 400 1158 451 redigit,
1188 404 1228 439 et
1254 401 1346 439 hinc
1373 404 1506 450 partes
1534 413 1607 440 nu-
1660 410 1665 437 ι’

268 488 379 514 mero
407 475 521 514 valde
549 475 737 515 diminuit.
793 475 837 515 Si
864 472 1044 515 turbatur
1069 476 1110 515 in
1145 477 1268 516 hocce
1295 477 1473 529 negotio,
1506 479 1608 519 redit

266 552 317 591 ad
343 552 548 603 pristinam
574 553 795 592 ubertatem
830 555 870 591 et
902 556 1035 603 partes
1062 565 1228 593 numero
1265 558 1390 605 auget.
1447 555 1606 595 Tertius
1660 548 1666 616 ξ

268 628 429 668 effectus
457 629 498 667 in
527 641 576 668 eo
603 628 757 680 positus
786 633 857 678 est,
886 629 993 681 quod
1019 634 1154 680 partes
1177 631 1287 670 floris
1306 631 1512 671 interiores
1539 645 1605 671 ex-
1658 617 1666 638 ³

264 705 431 744 teriores
458 705 565 754 fiant,
591 705 723 756 petala
750 705 856 754 folia,
884 706 1048 745 stamina
1062 707 1202 757 petala,
1230 708 1407 759 germina
1429 709 1603 758 stamina,

264 785 330 820 aut
357 794 476 832 passu
505 781 701 821 concitato
725 794 808 821 non
836 783 966 823 solum
983 784 1126 834 petala,
1153 784 1222 823 sed
1251 797 1409 836 quoque
1437 785 1602 824 stamina
1659 805 1666 835 ,-

266 861 340 897 etc.
369 858 568 898 virescant
596 862 635 897 et
660 858 701 897 in
729 858 825 898 folia
839 860 989 900 abeant.
1047 860 1235 913 Sequitur
1260 861 1468 911 productio
1496 875 1603 913 gem·

263 948 414 975 marum
449 935 490 973 iu
524 934 654 974 axillis
686 935 856 986 partium
891 936 1019 986 floris,
1061 937 1162 977 alios
1193 937 1437 990 'plerumque
1482 939 1603 978 flores
1660 916 1666 933 Ι

265 1011 579 1062 producentium.
643 1012 818 1051 Tandem
850 1014 926 1053 flos
960 1013 1002 1052 in
1041 1026 1178 1053 verum
1212 1027 1364 1055 ramum
1398 1016 1602 1066 excrescit,

263 1087 358 1128 folia
383 1099 635 1140 gemmasque
662 1087 866 1129 ferentem.

369 1307 415 1346 In
449 1307 523 1346 hac
557 1319 655 1346 vero
690 1307 909 1347 mutatione
936 1307 1191 1359 vegetationis
1226 1307 1394 1358 partium
1421 1322 1600 1350 anemor-

260 1383 404 1435 phoses
439 1395 597 1435 quoque
629 1396 712 1423 non
745 1397 836 1424 raro
871 1385 1162 1436 producuntur,
1218 1397 1318 1437 quae
1351 1399 1375 1424 a
1401 1387 1601 1426 reactione

259 1460 383 1512 partis
410 1459 451 1498 in
478 1464 633 1510 partem
661 1460 758 1500 oriri
786 1461 926 1501 solent.
983 1461 1126 1501 Variae
1150 1462 1483 1513 anamorphoseos
1510 1474 1598 1514 spe-

259 1535 339 1575 cies
368 1548 489 1587 supra
521 1534 556 1588 ξ
573 1536 638 1576 28.
667 1537 885 1577 recensitae
922 1542 1029 1587 sunt,
1075 1538 1226 1577 scilicet
1254 1538 1490 1588 contractio,
1529 1538 1595 1578 ex·

257 1612 415 1664 pansio,
443 1613 698 1662 coadunatio,
726 1614 938 1665 absorptio,
966 1614 1204 1654 assimilatio.
1260 1616 1411 1656 Moneo
1439 1620 1598 1655 contra·
1662 1612 1666 1656 ᾗ

258 1689 430 1728 ctionem
466 1689 515 1728 ad
549 1690 746 1729 defectum
781 1694 850 1729 aut
886 1691 936 1729 ad
971 1691 1174 1730 elisionem
1208 1704 1334 1743 usque
1367 1693 1596 1743 procedere,
1661 1675 1663 1679 ι

258 1765 540 1818 expansionem
568 1766 618 1805 ad
645 1766 961 1817 duplicationem.

340 2012 343 2019 =
365 1989 598 2027 Innumerae
626 1988 710 2027 fere
737 1992 828 2027 sunt
860 1988 1115 2040 antholyseos
1142 1989 1273 2029 variae
1309 1990 1459 2029 formae
1487 1995 1527 2031 et
1554 1992 1595 2031 in
1664 2039 1666 2042 .

257 2064 396 2104 eadem
427 2065 563 2116 planta
603 2077 686 2104 non
721 2077 812 2104 raro
849 2065 994 2104 multae
1037 2065 1154 2104 simul
1193 2065 1453 2116 reperiuntur.
1518 2066 1595 2107 Ar-

256 2140 378 2179 duum
419 2145 524 2180 esset
558 2141 759 2192 negotium
794 2154 930 2180 omnes
966 2141 1180 2190 adducere,
1233 2142 1428 2182 sufficiant
1466 2156 1594 2194 pauca
1662 2139 1665 2189 f

257 2217 450 2267 exempla.
515 2217 596 2270 Qui
630 2231 714 2257 rem
750 2217 921 2269 penitius
956 2230 1198 2269 cognoscere
1233 2220 1405 2268 student,
1451 2219 1595 2259 adeunt

256 2291 578 2344 Engelmanni
610 2307 730 2346 supra
761 2295 959 2334 laudatum
993 2295 1247 2346 opusculum,
1282 2298 1381 2334 tum:
1436 2296 1532 2334 Ueb
1544 2310 1596 2336 er

257 2368 336 2408 die
363 2368 763 2423 Missbildungen
791 2371 877 2411 der
906 2368 1181 2411 Gewi‘ichse
1200 2385 1236 2411 V.
1267 2371 1314 2411 G.
1342 2371 1416 2412 Fr.
1435 2372 1594 2424 Jager,

257 2445 398 2497 Stuttg.
436 2443 564 2495 1814,
605 2459 680 2486 nec
721 2460 803 2487 non
843 2448 1100 2489 Gandollii
1136 2449 1400 2499 Organogr.
1435 2443 1590 2500 veget.

256 2522 302 2562 T.
324 2520 361 2562 1.
396 2535 435 2574 p.
457 2521 550 2562 506.
579 2534 665 2575 sqq.
723 2524 1078 2565 Observations
1113 2536 1143 2564 s,
1177 2524 1204 2564 l.
1232 2523 1592 2575 irregularites

254 2598 311 2638 de
338 2598 386 2638 la
415 2597 605 2640 corolle
634 2599 751 2640 dans
779 2600 853 2642 les
875 2601 1274 2653 Dicotyledones
1300 2614 1339 2654 p.
1354 2599 1591 2654 Alfr.M0-
1662 2602 1663 2605 ’
