1592 2924
782 121 840 163 30

135 228 387 271 briusculi
424 226 683 271 observantur
717 243 751 271 e.
786 245 823 284 g,
861 233 902 272 in
937 232 1177 274 Cheirantho
1212 235 1345 275 Cheiri
1379 235 1484 276 aliis-

135 319 226 360 que.
282 307 390 347 Haec
429 307 636 348 scabrities
675 308 716 348 in
757 309 982 351 denticulos
1024 312 1183 362 transit,
1240 317 1308 353 aut
1350 318 1483 353 rectos

137 384 460 434 denticulati‚
488 389 556 425 aut
583 389 801 428 retrorsum
827 378 1054 441 versos'(p.
1083 389 1390 441 glochideli).

207 521 210 524 ,
244 484 475 525 Directione
514 490 582 526 aut
621 486 750 526 recti
791 492 902 537 sunt,
946 492 1015 528 aut
1057 489 1253 538 falcati,
1297 489 1484 528 reflexi

134 561 311 614 (apice),
357 562 596 603 uncinati.
665 563 716 604 Hi
756 563 889 621 rigidi,
938 565 1143 606 molliores
1184 566 1401 618 crispuli
1443 570 1483 606 et

135 639 347 691 crispati
374 639 484 680 fiunt.

242 739 485 780 Patentes
545 744 586 780 et
633 741 800 792 patuli
850 745 1063 791 vocantur,
1119 743 1188 795 qui
1231 756 1322 782 cum
1369 746 1483 794 parte

135 817 201 857 cui
227 817 405 869 impositi
431 821 535 867 sunt,
563 818 648 858 fere
671 819 858 871 angulum
875 824 1030 869 rectum
1059 819 1256 867 efficiunt;
1284 820 1483 860 interdum

135 908 295 949 quoque
324 895 484 935 erecti
512 895 619 945 dicti,
647 895 744 936 alias
772 896 982 946 arrecti,
1011 897 1382 946 accumbentes,
1409 897 1484 936 de-

135 973 442 1022 cumbentes,
479 973 723 1025 adpressi.
780 974 831 1014 Et
857 974 891 1014 si
919 973 1052 1026 apices
1087 987 1225 1014 versus
1253 974 1367 1014 basin
1394 987 1485 1026 par-

134 1049 183 1090 tis
212 1049 398 1090 conversi
419 1050 574 1100 jacent,
602 1062 837 1091 reversos
864 1052 971 1092 dicas
1000 1065 1076 1093 nec
1106 1054 1292 1093 reflexos.

244 1148 440 1189 Mollities
474 1152 514 1188 et
540 1148 715 1200 rigiditas
743 1152 852 1190 varia
879 1155 956 1201 est,
998 1151 1053 1191 ita
1086 1157 1132 1192 ut
1159 1153 1304 1204 gradus
1331 1152 1399 1192 vix
1428 1151 1486 1190 in-

136 1226 262 1267 dicari
288 1225 453 1279 possint.
509 1225 735 1278 Rigidiores
763 1231 905 1269 setae
933 1232 1144 1279 vocantur,
1174 1230 1311 1282 quales
1339 1230 1380 1269 in
1409 1228 1482 1268 Ga-

132 1303 264 1358 leopsi
292 1303 494 1344 Teterahit
522 1304 835 1356 conspiciuntur.

243 1402 371 1443 Color
397 1404 580 1455 hyalinus
610 1408 690 1453 est,
729 1404 928 1444 interdum
963 1405 1212 1457 ferrugineus
1246 1410 1290 1445 ut
1313 1405 1354 1445 in
1381 1405 1488 1445 Rho-

134 1480 383 1522 dodendreis.

243 1580 447 1620 Verrruca
476 1579 541 1619 cui
569 1579 714 1620 insidet
741 1581 866 1632 pilus,
895 1582 1076 1622 bulbus
1102 1586 1279 1622 vocatur.
1336 1582 1370 1622 E
1398 1582 1487 1637 plu-

134 1657 244 1698 ribus
273 1657 517 1709 compositus
546 1661 606 1697 est
634 1657 801 1708 cellulis,
830 1658 899 1712 qui
925 1671 1044 1712 saepe
1072 1672 1237 1699 succum
1263 1663 1489 1709 secernunt,

134 1735 176 1775 in
203 1735 276 1788 pili
303 1735 481 1776 canalem
509 1735 807 1785 infundendum,
834 1736 894 1777 uti
922 1740 1118 1777 testantur
1144 1737 1215 1790 pili
1237 1741 1397 1777 urentes
1413 1737 1488 1776 Ur-

133 1813 254 1862 tiene,
296 1812 542 1867 aliarumque
577 1814 813 1866 plantarum.
881 1814 1036 1855 Saccus
1070 1815 1113 1855 in
1149 1815 1353 1856 urentibus
1382 1815 1486 1854 acris

134 1894 212 1938 est3
254 1890 464 1943 rigidiores
492 1905 654 1945 quoque
682 1896 793 1941 sunt,
819 1895 948 1932 cutem
975 1897 1202 1944 penetrant,
1237 1896 1485 1944 rumpuntur,

134 1980 297 2008 succum
333 1969 534 2018 emittunt,
581 1973 621 2009 et
657 1969 710 2008 ita
750 1969 933 2009 dolorem
961 1970 1144 2010 excitant.
1227 1969 1322 2010 Non
1349 1981 1485 2010 omnes

133 2045 205 2096 pili
232 2045 364 2086 bulbis
393 2046 568 2098 impositi
595 2050 705 2094 sunt,
741 2058 954 2099 numquam
983 2047 1024 2087 in
1051 2048 1194 2087 radice.
1251 2047 1416 2086 Cellulis
1445 2047 1486 2086 in

134 2121 377 2174 epidermide
401 2127 497 2163 tunc
524 2123 722 2174 insistunt,
751 2123 947 2164 interdum
977 2138 1067 2164 cum
1089 2125 1360 2177 superioribus
1378 2137 1487 2164 com-

134 2199 396 2251 municantes,
423 2201 622 2242 interdum
648 2201 821 2241 minime.
858 2223 910 2229 —
955 2203 1016 2241 De
1042 2201 1173 2241 bulbis
1200 2202 1371 2253 pilorum
1401 2203 1504 2241 abs--

135 2289 213 2330 que
237 2276 329 2329 pilis
357 2290 478 2331 supra
504 2278 561 2333 (§.
580 2279 694 2329 123.)
722 2279 869 2319 dictum
898 2283 970 2319 est.

244 2377 319 2417 Pili
360 2378 596 2432 plerumque
630 2379 859 2419 solitarii
894 2378 1168 2426 inveniuntur;
1223 2377 1486 2419 fascicula-

135 2458 216 2494 tos
245 2454 430 2506 dicimus,
471 2457 540 2509 qui
576 2470 626 2496 ex
657 2470 739 2497 uno
767 2457 889 2497 bulbo
917 2457 1156 2509 proveniunt
1188 2460 1256 2495 aut
1282 2455 1369 2495 basi
1397 2467 1485 2495 sese

136 2531 380 2584 contingunt,
404 2538 473 2573 aut
501 2533 660 2574 connati
687 2538 790 2574 sunt.
846 2534 891 2574 In
908 2533 1125 2575 Malvaceis
1155 2533 1394 2585 praesertim·
1418 2533 1486 2571 de-

134 2610 433 2661 prehenduntur
459 2615 529 2650 aut
557 2610 689 2660 erecti,
717 2615 785 2651 aut
813 2611 971 2662 saepius
998 2614 1186 2663 patentes,
1215 2615 1282 2650 aut
1307 2610 1482 2663 undique
