<?xml version="1.0" encoding="UTF-8"?>
<!DOCTYPE html PUBLIC "-//W3C//DTD XHTML 1.0 Transitional//EN"
    "http://www.w3.org/TR/xhtml1/DTD/xhtml1-transitional.dtd">
<html xmlns="http://www.w3.org/1999/xhtml" xml:lang="en" lang="en">
 <head>
  <title>
</title>
<meta http-equiv="Content-Type" content="text/html;charset=utf-8" />
  <meta name='ocr-system' content='tesseract 3.04.00' />
  <meta name='ocr-capabilities' content='ocr_page ocr_carea ocr_par ocr_line ocrx_word'/>
</head>
<body>
  <div class='ocr_page' id='page_1' title='image "./elementaphilosop02linkuoft_0018.png"; bbox 0 0 1592 2924; ppageno 0'>
   <div class='ocr_carea' id='block_1_1' title="bbox 834 109 894 140">
    <p class='ocr_par' dir='ltr' id='par_1_1' title="bbox 834 109 894 140">
     <span class='ocr_line' id='line_1_1' title="bbox 834 109 894 140; baseline 0.017 -1"><span class='ocrx_word' id='word_1_1' title='bbox 834 109 894 140; x_wconf 82' lang='grc' dir='ltr'>ΧΠ</span> 
     </span>
    </p>
   </div>
   <div class='ocr_carea' id='block_1_2' title="bbox 179 206 1526 720">
    <p class='ocr_par' dir='ltr' id='par_1_2' title="bbox 179 206 1526 720">
     <span class='ocr_line' id='line_1_2' title="bbox 183 206 1523 263; baseline 0.004 -15"><span class='ocrx_word' id='word_1_2' title='bbox 183 209 291 248; x_wconf 88' lang='lat' dir='ltr'>ciunt</span> <span class='ocrx_word' id='word_1_3' title='bbox 318 206 535 258; x_wconf 71' lang='lat' dir='ltr'><strong>hypothesi.</strong></span> <span class='ocrx_word' id='word_1_4' title='bbox 591 207 759 259; x_wconf 81' lang='lat' dir='ltr'><strong>Quando</strong></span> <span class='ocrx_word' id='word_1_5' title='bbox 786 221 883 249; x_wconf 88' lang='lat' dir='ltr'>vero</span> <span class='ocrx_word' id='word_1_6' title='bbox 911 209 1151 250; x_wconf 83' lang='lat' dir='ltr'>cessabimus</span> <span class='ocrx_word' id='word_1_7' title='bbox 1179 212 1220 250; x_wconf 92' lang='lat' dir='ltr'>in</span> <span class='ocrx_word' id='word_1_8' title='bbox 1235 211 1523 263; x_wconf 84' lang='lat' dir='ltr'>hypothesibus</span> 
     </span>
     <span class='ocr_line' id='line_1_3' title="bbox 181 284 1526 337; baseline 0.004 -13"><span class='ocrx_word' id='word_1_9' title='bbox 181 284 380 336; x_wconf 86' lang='lat' dir='ltr'>ingenium</span> <span class='ocrx_word' id='word_1_10' title='bbox 409 296 611 336; x_wconf 84' lang='lat' dir='ltr'>quaerere,</span> <span class='ocrx_word' id='word_1_11' title='bbox 641 298 741 337; x_wconf 90' lang='lat' dir='ltr'>quae</span> <span class='ocrx_word' id='word_1_12' title='bbox 769 290 920 326; x_wconf 89' lang='lat' dir='ltr'>tantum</span> <span class='ocrx_word' id='word_1_13' title='bbox 941 287 1168 328; x_wconf 80' lang='lat' dir='ltr'>detrimenti</span> <span class='ocrx_word' id='word_1_14' title='bbox 1197 289 1385 329; x_wconf 84' lang='lat' dir='ltr'>scientiae</span> <span class='ocrx_word' id='word_1_15' title='bbox 1412 295 1526 331; x_wconf 87' lang='lat' dir='ltr'>natu-</span> 
     </span>
     <span class='ocr_line' id='line_1_4' title="bbox 179 359 1526 418; baseline 0.006 -19"><span class='ocrx_word' id='word_1_16' title='bbox 179 361 256 401; x_wconf 84' lang='lat' dir='ltr'>rali</span> <span class='ocrx_word' id='word_1_17' title='bbox 282 359 520 401; x_wconf 82' lang='lat' dir='ltr'>attulerunt?</span> <span class='ocrx_word' id='word_1_18' title='bbox 572 362 775 402; x_wconf 88' lang='lat' dir='ltr'>Imitemur</span> <span class='ocrx_word' id='word_1_19' title='bbox 800 363 1100 414; x_wconf 89' lang='lat' dir='ltr'>Brownium,</span> <span class='ocrx_word' id='word_1_20' title='bbox 1128 366 1195 418; x_wconf 94' lang='lat' dir='ltr'>qui</span> <span class='ocrx_word' id='word_1_21' title='bbox 1221 367 1422 407; x_wconf 81' lang='lat' dir='ltr'>rarissime</span> <span class='ocrx_word' id='word_1_22' title='bbox 1450 380 1526 408; x_wconf 89' lang='lat' dir='ltr'>nec</span> 
     </span>
     <span class='ocr_line' id='line_1_5' title="bbox 181 437 1525 500; baseline 0.005 -23"><span class='ocrx_word' id='word_1_23' title='bbox 181 437 257 500; x_wconf 87' lang='lat' dir='ltr'>nisi</span> <span class='ocrx_word' id='word_1_24' title='bbox 289 437 511 478; x_wconf 85' lang='lat' dir='ltr'>cautissime</span> <span class='ocrx_word' id='word_1_25' title='bbox 546 438 784 490; x_wconf 87' lang='lat' dir='ltr'>hypotheses</span> <span class='ocrx_word' id='word_1_26' title='bbox 818 441 991 491; x_wconf 85' lang='lat' dir='ltr'>profert,</span> <span class='ocrx_word' id='word_1_27' title='bbox 1035 441 1104 494; x_wconf 92' lang='lat' dir='ltr'>qui</span> <span class='ocrx_word' id='word_1_28' title='bbox 1145 455 1303 494; x_wconf 87' lang='lat' dir='ltr'>semper</span> <span class='ocrx_word' id='word_1_29' title='bbox 1339 444 1525 484; x_wconf 90' lang='lat' dir='ltr'>admonet</span> 
     </span>
     <span class='ocr_line' id='line_1_6' title="bbox 181 515 1522 572; baseline 0.004 -17"><span class='ocrx_word' id='word_1_30' title='bbox 181 515 396 555; x_wconf 88' lang='lat' dir='ltr'>Botanicos</span> <span class='ocrx_word' id='word_1_31' title='bbox 424 527 476 555; x_wconf 91' lang='lat' dir='ltr'>ne</span> <span class='ocrx_word' id='word_1_32' title='bbox 511 515 558 555; x_wconf 90' lang='lat' dir='ltr'>iis</span> <span class='ocrx_word' id='word_1_33' title='bbox 594 529 694 569; x_wconf 87' lang='lat' dir='ltr'>quae</span> <span class='ocrx_word' id='word_1_34' title='bbox 730 517 778 556; x_wconf 91' lang='lat' dir='ltr'>de</span> <span class='ocrx_word' id='word_1_35' title='bbox 815 517 1046 570; x_wconf 90' lang='lat' dir='ltr'>quibusdam</span> <span class='ocrx_word' id='word_1_36' title='bbox 1083 518 1183 559; x_wconf 89' lang='lat' dir='ltr'>dixit</span> <span class='ocrx_word' id='word_1_37' title='bbox 1217 520 1364 571; x_wconf 89' lang='lat' dir='ltr'>plantis</span> <span class='ocrx_word' id='word_1_38' title='bbox 1400 520 1455 569; x_wconf 89' lang='lat' dir='ltr'>(e.</span> <span class='ocrx_word' id='word_1_39' title='bbox 1486 534 1522 572; x_wconf 88' lang='lat' dir='ltr'>g.</span> 
     </span>
     <span class='ocr_line' id='line_1_7' title="bbox 181 591 1526 646; baseline 0.004 -14"><span class='ocrx_word' id='word_1_40' title='bbox 181 593 231 632; x_wconf 91' lang='lat' dir='ltr'>de</span> <span class='ocrx_word' id='word_1_41' title='bbox 259 591 537 633; x_wconf 77' lang='lat' dir='ltr'>secundatione</span> <span class='ocrx_word' id='word_1_42' title='bbox 566 593 695 643; x_wconf 89' lang='lat' dir='ltr'>ovuli)</span> <span class='ocrx_word' id='word_1_43' title='bbox 724 594 774 633; x_wconf 90' lang='lat' dir='ltr'>ad</span> <span class='ocrx_word' id='word_1_44' title='bbox 802 604 939 634; x_wconf 92' lang='lat' dir='ltr'>omnes</span> <span class='ocrx_word' id='word_1_45' title='bbox 968 595 1198 645; x_wconf 82' lang='lat' dir='ltr'>extendant,</span> <span class='ocrx_word' id='word_1_46' title='bbox 1237 596 1330 646; x_wconf 87' lang='lat' dir='ltr'>etsi,</span> <span class='ocrx_word' id='word_1_47' title='bbox 1373 597 1526 637; x_wconf 85' lang='lat' dir='ltr'>meher-</span> 
     </span>
     <span class='ocr_line' id='line_1_8' title="bbox 182 668 736 720; baseline -0.002 -11"><span class='ocrx_word' id='word_1_48' title='bbox 182 669 254 719; x_wconf 87' lang='lat' dir='ltr'>cle,</span> <span class='ocrx_word' id='word_1_49' title='bbox 281 669 357 709; x_wconf 82' lang='lat' dir='ltr'>Vir</span> <span class='ocrx_word' id='word_1_50' title='bbox 382 668 736 720; x_wconf 84' lang='lat' dir='ltr'>ingeniosissimus!</span> 
     </span>
    </p>
   </div>
   <div class='ocr_carea' id='block_1_3' title="bbox 152 878 1533 2623">
    <p class='ocr_par' dir='ltr' id='par_1_3' title="bbox 152 878 1533 2623">
     <span class='ocr_line' id='line_1_9' title="bbox 288 878 1525 933; baseline 0.002 -15"><span class='ocrx_word' id='word_1_51' title='bbox 288 878 557 929; x_wconf 88' lang='lat' dir='ltr'>Hypotheses,</span> <span class='ocrx_word' id='word_1_52' title='bbox 595 890 693 930; x_wconf 89' lang='lat' dir='ltr'>quas</span> <span class='ocrx_word' id='word_1_53' title='bbox 721 880 993 920; x_wconf 80' lang='lat' dir='ltr'>constitutivas</span> <span class='ocrx_word' id='word_1_54' title='bbox 1022 880 1207 930; x_wconf 86' lang='lat' dir='ltr'>dixerim,</span> <span class='ocrx_word' id='word_1_55' title='bbox 1245 893 1347 933; x_wconf 89' lang='lat' dir='ltr'>quae</span> <span class='ocrx_word' id='word_1_56' title='bbox 1381 893 1525 932; x_wconf 87' lang='lat' dir='ltr'>nempe</span> 
     </span>
     <span class='ocr_line' id='line_1_10' title="bbox 181 954 1522 1007; baseline 0.003 -14"><span class='ocrx_word' id='word_1_57' title='bbox 181 956 329 994; x_wconf 86' lang='lat' dir='ltr'>factum</span> <span class='ocrx_word' id='word_1_58' title='bbox 357 954 553 1007; x_wconf 89' lang='lat' dir='ltr'>quoddam</span> <span class='ocrx_word' id='word_1_59' title='bbox 581 960 825 1006; x_wconf 87' lang='lat' dir='ltr'>supponunt,</span> <span class='ocrx_word' id='word_1_60' title='bbox 851 956 1090 1007; x_wconf 85' lang='lat' dir='ltr'>rejiciendae</span> <span class='ocrx_word' id='word_1_61' title='bbox 1117 961 1225 1004; x_wconf 79' lang='lat' dir='ltr'>sunt3</span> <span class='ocrx_word' id='word_1_62' title='bbox 1259 958 1522 997; x_wconf 89' lang='lat' dir='ltr'>admittendae</span> 
     </span>
     <span class='ocr_line' id='line_1_11' title="bbox 181 1031 1527 1086; baseline 0 -13"><span class='ocrx_word' id='word_1_63' title='bbox 181 1047 289 1082; x_wconf 87' lang='lat' dir='ltr'>vero,</span> <span class='ocrx_word' id='word_1_64' title='bbox 316 1045 415 1086; x_wconf 88' lang='lat' dir='ltr'>quas</span> <span class='ocrx_word' id='word_1_65' title='bbox 441 1031 680 1083; x_wconf 87' lang='lat' dir='ltr'>regulativas</span> <span class='ocrx_word' id='word_1_66' title='bbox 707 1032 949 1082; x_wconf 88' lang='lat' dir='ltr'>vocaverim,</span> <span class='ocrx_word' id='word_1_67' title='bbox 979 1048 1079 1086; x_wconf 88' lang='lat' dir='ltr'>quae</span> <span class='ocrx_word' id='word_1_68' title='bbox 1106 1047 1248 1086; x_wconf 88' lang='lat' dir='ltr'>nempe</span> <span class='ocrx_word' id='word_1_69' title='bbox 1278 1033 1382 1074; x_wconf 85' lang='lat' dir='ltr'>facta</span> <span class='ocrx_word' id='word_1_70' title='bbox 1409 1034 1527 1086; x_wconf 89' lang='lat' dir='ltr'>plura</span> 
     </span>
     <span class='ocr_line' id='line_1_12' title="bbox 179 1107 1527 1163; baseline 0.001 -13"><span class='ocrx_word' id='word_1_71' title='bbox 179 1123 252 1150; x_wconf 91' lang='lat' dir='ltr'>seu</span> <span class='ocrx_word' id='word_1_72' title='bbox 277 1111 549 1163; x_wconf 88' lang='lat' dir='ltr'>phaenomena</span> <span class='ocrx_word' id='word_1_73' title='bbox 575 1107 817 1158; x_wconf 86' lang='lat' dir='ltr'>combinant,</span> <span class='ocrx_word' id='word_1_74' title='bbox 854 1113 900 1148; x_wconf 93' lang='lat' dir='ltr'>ut</span> <span class='ocrx_word' id='word_1_75' title='bbox 932 1110 1073 1150; x_wconf 87' lang='lat' dir='ltr'>melius</span> <span class='ocrx_word' id='word_1_76' title='bbox 1101 1111 1230 1150; x_wconf 87' lang='lat' dir='ltr'>animo</span> <span class='ocrx_word' id='word_1_77' title='bbox 1267 1112 1527 1163; x_wconf 91' lang='lat' dir='ltr'>comprehen-</span> 
     </span>
     <span class='ocr_line' id='line_1_13' title="bbox 180 1185 1527 1239; baseline -0.001 -11"><span class='ocrx_word' id='word_1_78' title='bbox 180 1189 275 1228; x_wconf 88' lang='lat' dir='ltr'>dere</span> <span class='ocrx_word' id='word_1_79' title='bbox 302 1187 445 1239; x_wconf 88' lang='lat' dir='ltr'>possis.</span> <span class='ocrx_word' id='word_1_80' title='bbox 501 1185 739 1237; x_wconf 87' lang='lat' dir='ltr'>Hujusmodi</span> <span class='ocrx_word' id='word_1_81' title='bbox 753 1188 813 1224; x_wconf 89' lang='lat' dir='ltr'>est</span> <span class='ocrx_word' id='word_1_82' title='bbox 826 1185 1065 1237; x_wconf 87' lang='lat' dir='ltr'>hypothesis,</span> <span class='ocrx_word' id='word_1_83' title='bbox 1092 1191 1225 1238; x_wconf 88' lang='lat' dir='ltr'>partes</span> <span class='ocrx_word' id='word_1_84' title='bbox 1246 1188 1356 1227; x_wconf 89' lang='lat' dir='ltr'>floris</span> <span class='ocrx_word' id='word_1_85' title='bbox 1385 1201 1527 1228; x_wconf 90' lang='lat' dir='ltr'>secun-</span> 
     </span>
     <span class='ocr_line' id='line_1_14' title="bbox 182 1261 1528 1315; baseline -0.001 -11"><span class='ocrx_word' id='word_1_86' title='bbox 182 1265 276 1304; x_wconf 90' lang='lat' dir='ltr'>dum</span> <span class='ocrx_word' id='word_1_87' title='bbox 313 1264 431 1303; x_wconf 89' lang='lat' dir='ltr'>situm</span> <span class='ocrx_word' id='word_1_88' title='bbox 466 1275 555 1302; x_wconf 89' lang='lat' dir='ltr'>esse</span> <span class='ocrx_word' id='word_1_89' title='bbox 593 1261 707 1310; x_wconf 85' lang='lat' dir='ltr'>folia,</span> <span class='ocrx_word' id='word_1_90' title='bbox 747 1275 829 1301; x_wconf 89' lang='lat' dir='ltr'>non</span> <span class='ocrx_word' id='word_1_91' title='bbox 868 1264 1146 1303; x_wconf 88' lang='lat' dir='ltr'>confundenda</span> <span class='ocrx_word' id='word_1_92' title='bbox 1182 1278 1272 1303; x_wconf 92' lang='lat' dir='ltr'>cum</span> <span class='ocrx_word' id='word_1_93' title='bbox 1299 1265 1375 1303; x_wconf 89' lang='lat' dir='ltr'>alia</span> <span class='ocrx_word' id='word_1_94' title='bbox 1401 1265 1528 1315; x_wconf 91' lang='lat' dir='ltr'>hypo-</span> 
     </span>
     <span class='ocr_line' id='line_1_15' title="bbox 181 1338 1529 1392; baseline 0 -12"><span class='ocrx_word' id='word_1_95' title='bbox 181 1341 282 1381; x_wconf 83' lang='lat' dir='ltr'>thesi</span> <span class='ocrx_word' id='word_1_96' title='bbox 310 1339 564 1379; x_wconf 87' lang='lat' dir='ltr'>constitutiva</span> <span class='ocrx_word' id='word_1_97' title='bbox 599 1342 639 1377; x_wconf 91' lang='lat' dir='ltr'>et</span> <span class='ocrx_word' id='word_1_98' title='bbox 671 1338 904 1388; x_wconf 87' lang='lat' dir='ltr'>rejicienda,</span> <span class='ocrx_word' id='word_1_99' title='bbox 939 1341 1107 1379; x_wconf 87' lang='lat' dir='ltr'>formam</span> <span class='ocrx_word' id='word_1_100' title='bbox 1141 1342 1313 1392; x_wconf 85' lang='lat' dir='ltr'>partium</span> <span class='ocrx_word' id='word_1_101' title='bbox 1349 1354 1370 1380; x_wconf 92' lang='lat' dir='ltr'>e</span> <span class='ocrx_word' id='word_1_102' title='bbox 1398 1342 1529 1380; x_wconf 88' lang='lat' dir='ltr'>forma</span> 
     </span>
     <span class='ocr_line' id='line_1_16' title="bbox 181 1415 1528 1468; baseline -0.001 -11"><span class='ocrx_word' id='word_1_103' title='bbox 181 1417 270 1458; x_wconf 86' lang='lat' dir='ltr'>folii</span> <span class='ocrx_word' id='word_1_104' title='bbox 295 1429 382 1456; x_wconf 89' lang='lat' dir='ltr'>esse</span> <span class='ocrx_word' id='word_1_105' title='bbox 411 1415 673 1455; x_wconf 84' lang='lat' dir='ltr'>derivandam.</span> <span class='ocrx_word' id='word_1_106' title='bbox 742 1415 949 1467; x_wconf 84' lang='lat' dir='ltr'>Regularis</span> <span class='ocrx_word' id='word_1_107' title='bbox 983 1418 1154 1468; x_wconf 89' lang='lat' dir='ltr'>partium</span> <span class='ocrx_word' id='word_1_108' title='bbox 1188 1419 1297 1457; x_wconf 87' lang='lat' dir='ltr'>floris</span> <span class='ocrx_word' id='word_1_109' title='bbox 1333 1418 1432 1457; x_wconf 91' lang='lat' dir='ltr'>situs</span> <span class='ocrx_word' id='word_1_110' title='bbox 1467 1417 1528 1456; x_wconf 90' lang='lat' dir='ltr'>uti</span> 
     </span>
     <span class='ocr_line' id='line_1_17' title="bbox 182 1492 1527 1545; baseline -0.002 -10"><span class='ocrx_word' id='word_1_111' title='bbox 182 1495 389 1543; x_wconf 89' lang='lat' dir='ltr'>foliorum,</span> <span class='ocrx_word' id='word_1_112' title='bbox 417 1492 639 1545; x_wconf 89' lang='lat' dir='ltr'>primitivus</span> <span class='ocrx_word' id='word_1_113' title='bbox 669 1496 747 1541; x_wconf 91' lang='lat' dir='ltr'>est,</span> <span class='ocrx_word' id='word_1_114' title='bbox 781 1495 864 1531; x_wconf 91' lang='lat' dir='ltr'>tum</span> <span class='ocrx_word' id='word_1_115' title='bbox 892 1493 942 1532; x_wconf 90' lang='lat' dir='ltr'>ad</span> <span class='ocrx_word' id='word_1_116' title='bbox 971 1493 1163 1534; x_wconf 90' lang='lat' dir='ltr'>corollam</span> <span class='ocrx_word' id='word_1_117' title='bbox 1183 1494 1364 1534; x_wconf 89' lang='lat' dir='ltr'>labiatam</span> <span class='ocrx_word' id='word_1_118' title='bbox 1393 1497 1432 1533; x_wconf 90' lang='lat' dir='ltr'>et</span> <span class='ocrx_word' id='word_1_119' title='bbox 1458 1507 1527 1544; x_wconf 88' lang='lat' dir='ltr'>pa-</span> 
     </span>
     <span class='ocr_line' id='line_1_18' title="bbox 181 1568 1527 1625; baseline -0.002 -13"><span class='ocrx_word' id='word_1_120' title='bbox 181 1573 443 1625; x_wconf 89' lang='lat' dir='ltr'>pilionaceam</span> <span class='ocrx_word' id='word_1_121' title='bbox 458 1570 633 1618; x_wconf 87' lang='lat' dir='ltr'>tendunt,</span> <span class='ocrx_word' id='word_1_122' title='bbox 660 1569 720 1608; x_wconf 90' lang='lat' dir='ltr'>uti</span> <span class='ocrx_word' id='word_1_123' title='bbox 747 1568 843 1608; x_wconf 87' lang='lat' dir='ltr'>folia</span> <span class='ocrx_word' id='word_1_124' title='bbox 870 1570 919 1608; x_wconf 90' lang='lat' dir='ltr'>ad</span> <span class='ocrx_word' id='word_1_125' title='bbox 947 1570 1133 1621; x_wconf 88' lang='lat' dir='ltr'>spiralem</span> <span class='ocrx_word' id='word_1_126' title='bbox 1162 1571 1380 1610; x_wconf 89' lang='lat' dir='ltr'>adversum.</span> <span class='ocrx_word' id='word_1_127' title='bbox 1415 1571 1527 1609; x_wconf 90' lang='lat' dir='ltr'>Hanc</span> 
     </span>
     <span class='ocr_line' id='line_1_19' title="bbox 181 1645 1528 1702; baseline -0.002 -13"><span class='ocrx_word' id='word_1_128' title='bbox 181 1649 354 1702; x_wconf 89' lang='lat' dir='ltr'>partium</span> <span class='ocrx_word' id='word_1_129' title='bbox 385 1647 540 1699; x_wconf 85' lang='lat' dir='ltr'>plantae</span> <span class='ocrx_word' id='word_1_130' title='bbox 583 1645 822 1685; x_wconf 87' lang='lat' dir='ltr'>tendentiam</span> <span class='ocrx_word' id='word_1_131' title='bbox 856 1648 1135 1698; x_wconf 89' lang='lat' dir='ltr'>eumorphosin</span> <span class='ocrx_word' id='word_1_132' title='bbox 1172 1647 1214 1687; x_wconf 91' lang='lat' dir='ltr'>in</span> <span class='ocrx_word' id='word_1_133' title='bbox 1246 1649 1366 1687; x_wconf 90' lang='lat' dir='ltr'>Parte</span> <span class='ocrx_word' id='word_1_134' title='bbox 1401 1647 1528 1698; x_wconf 87' lang='lat' dir='ltr'>prima</span> 
     </span>
     <span class='ocr_line' id='line_1_20' title="bbox 183 1723 1526 1774; baseline -0.004 -7"><span class='ocrx_word' id='word_1_135' title='bbox 183 1725 336 1767; x_wconf 90' lang='lat' dir='ltr'>vocavi.</span> <span class='ocrx_word' id='word_1_136' title='bbox 394 1724 593 1763; x_wconf 86' lang='lat' dir='ltr'>Turbatur</span> <span class='ocrx_word' id='word_1_137' title='bbox 625 1723 702 1762; x_wconf 93' lang='lat' dir='ltr'>ista</span> <span class='ocrx_word' id='word_1_138' title='bbox 737 1723 1010 1774; x_wconf 86' lang='lat' dir='ltr'>eumorphosis</span> <span class='ocrx_word' id='word_1_139' title='bbox 1051 1725 1171 1765; x_wconf 86' lang='lat' dir='ltr'>variis</span> <span class='ocrx_word' id='word_1_140' title='bbox 1213 1724 1339 1764; x_wconf 85' lang='lat' dir='ltr'>rebus</span> <span class='ocrx_word' id='word_1_141' title='bbox 1375 1723 1526 1772; x_wconf 88' lang='lat' dir='ltr'>alienis,</span> 
     </span>
     <span class='ocr_line' id='line_1_21' title="bbox 184 1800 1528 1854; baseline -0.003 -11"><span class='ocrx_word' id='word_1_142' title='bbox 184 1803 349 1851; x_wconf 86' lang='lat' dir='ltr'>climate,</span> <span class='ocrx_word' id='word_1_143' title='bbox 377 1801 477 1849; x_wconf 89' lang='lat' dir='ltr'>solo,</span> <span class='ocrx_word' id='word_1_144' title='bbox 505 1800 661 1840; x_wconf 88' lang='lat' dir='ltr'>actione</span> <span class='ocrx_word' id='word_1_145' title='bbox 688 1805 824 1840; x_wconf 88' lang='lat' dir='ltr'>mutua</span> <span class='ocrx_word' id='word_1_146' title='bbox 850 1801 975 1852; x_wconf 89' lang='lat' dir='ltr'>partis</span> <span class='ocrx_word' id='word_1_147' title='bbox 1003 1802 1045 1841; x_wconf 90' lang='lat' dir='ltr'>in</span> <span class='ocrx_word' id='word_1_148' title='bbox 1073 1806 1225 1853; x_wconf 87' lang='lat' dir='ltr'>partem</span> <span class='ocrx_word' id='word_1_149' title='bbox 1254 1805 1294 1841; x_wconf 92' lang='lat' dir='ltr'>et</span> <span class='ocrx_word' id='word_1_150' title='bbox 1309 1814 1410 1854; x_wconf 89' lang='lat' dir='ltr'>quae</span> <span class='ocrx_word' id='word_1_151' title='bbox 1437 1803 1528 1839; x_wconf 90' lang='lat' dir='ltr'>sunt</span> 
     </span>
     <span class='ocr_line' id='line_1_22' title="bbox 184 1878 1529 1930; baseline -0.004 -9"><span class='ocrx_word' id='word_1_152' title='bbox 184 1880 261 1921; x_wconf 88' lang='lat' dir='ltr'>alia</span> <span class='ocrx_word' id='word_1_153' title='bbox 288 1878 575 1930; x_wconf 85' lang='lat' dir='ltr'>impedimenta,</span> <span class='ocrx_word' id='word_1_154' title='bbox 605 1890 723 1930; x_wconf 87' lang='lat' dir='ltr'>saepe</span> <span class='ocrx_word' id='word_1_155' title='bbox 752 1879 982 1918; x_wconf 86' lang='lat' dir='ltr'>difficillime</span> <span class='ocrx_word' id='word_1_156' title='bbox 1011 1879 1248 1918; x_wconf 88' lang='lat' dir='ltr'>extricanda.</span> <span class='ocrx_word' id='word_1_157' title='bbox 1303 1879 1431 1917; x_wconf 85' lang='lat' dir='ltr'>Hasce</span> <span class='ocrx_word' id='word_1_158' title='bbox 1461 1889 1529 1916; x_wconf 87' lang='lat' dir='ltr'>eu-</span> 
     </span>
     <span class='ocr_line' id='line_1_23' title="bbox 183 1954 1530 2008; baseline -0.003 -11"><span class='ocrx_word' id='word_1_159' title='bbox 183 1956 445 2008; x_wconf 87' lang='lat' dir='ltr'>morphoseos</span> <span class='ocrx_word' id='word_1_160' title='bbox 479 1954 715 1995; x_wconf 88' lang='lat' dir='ltr'>mutationes</span> <span class='ocrx_word' id='word_1_161' title='bbox 751 1956 1056 2008; x_wconf 89' lang='lat' dir='ltr'>anamorphosin</span> <span class='ocrx_word' id='word_1_162' title='bbox 1090 1955 1242 1996; x_wconf 85' lang='lat' dir='ltr'>vocavi.</span> <span class='ocrx_word' id='word_1_163' title='bbox 1266 1992 1274 1998; x_wconf 82' lang='lat'>,</span> <span class='ocrx_word' id='word_1_164' title='bbox 1296 1954 1401 1994; x_wconf 80' lang='lat' dir='ltr'>&#39;Non</span> <span class='ocrx_word' id='word_1_165' title='bbox 1427 1954 1530 1993; x_wconf 89' lang='lat' dir='ltr'>bene</span> 
     </span>
     <span class='ocr_line' id='line_1_24' title="bbox 152 2020 1528 2084; baseline -0.003 -11"><span class='ocrx_word' id='word_1_166' title='bbox 152 2020 159 2029; x_wconf 41' lang='grc'><em>’</em></span> <span class='ocrx_word' id='word_1_167' title='bbox 186 2031 507 2084; x_wconf 89' lang='lat' dir='ltr'>catamorphosin</span> <span class='ocrx_word' id='word_1_168' title='bbox 534 2032 635 2082; x_wconf 86' lang='lat' dir='ltr'>dixi,</span> <span class='ocrx_word' id='word_1_169' title='bbox 678 2032 712 2071; x_wconf 91' lang='lat' dir='ltr'>si</span> <span class='ocrx_word' id='word_1_170' title='bbox 745 2033 910 2072; x_wconf 88' lang='lat' dir='ltr'>mutatio</span> <span class='ocrx_word' id='word_1_171' title='bbox 935 2032 1134 2072; x_wconf 87' lang='lat' dir='ltr'>variabilis</span> <span class='ocrx_word' id='word_1_172' title='bbox 1171 2035 1356 2072; x_wconf 85' lang='lat' dir='ltr'>constans</span> <span class='ocrx_word' id='word_1_173' title='bbox 1386 2031 1528 2080; x_wconf 86' lang='lat' dir='ltr'>evadit,</span> 
     </span>
     <span class='ocr_line' id='line_1_25' title="bbox 186 2107 1528 2160; baseline -0.003 -10"><span class='ocrx_word' id='word_1_174' title='bbox 186 2123 278 2150; x_wconf 91' lang='lat' dir='ltr'>nam</span> <span class='ocrx_word' id='word_1_175' title='bbox 303 2110 420 2160; x_wconf 88' lang='lat' dir='ltr'>longe</span> <span class='ocrx_word' id='word_1_176' title='bbox 450 2108 527 2148; x_wconf 90' lang='lat' dir='ltr'>alia</span> <span class='ocrx_word' id='word_1_177' title='bbox 554 2122 617 2148; x_wconf 89' lang='lat' dir='ltr'>res</span> <span class='ocrx_word' id='word_1_178' title='bbox 647 2113 716 2159; x_wconf 88' lang='lat' dir='ltr'>est,</span> <span class='ocrx_word' id='word_1_179' title='bbox 745 2110 795 2148; x_wconf 89' lang='lat' dir='ltr'>ad</span> <span class='ocrx_word' id='word_1_180' title='bbox 817 2109 1030 2149; x_wconf 87' lang='lat' dir='ltr'>Historiam</span> <span class='ocrx_word' id='word_1_181' title='bbox 1056 2109 1277 2160; x_wconf 87' lang='lat' dir='ltr'>plantarum</span> <span class='ocrx_word' id='word_1_182' title='bbox 1304 2107 1439 2148; x_wconf 88' lang='lat' dir='ltr'>stricte</span> <span class='ocrx_word' id='word_1_183' title='bbox 1469 2107 1528 2147; x_wconf 87' lang='lat' dir='ltr'>sic</span> 
     </span>
     <span class='ocr_line' id='line_1_26' title="bbox 187 2184 1531 2239; baseline -0.003 -12"><span class='ocrx_word' id='word_1_184' title='bbox 187 2187 332 2227; x_wconf 88' lang='lat' dir='ltr'>dictam</span> <span class='ocrx_word' id='word_1_185' title='bbox 368 2186 587 2225; x_wconf 86' lang='lat' dir='ltr'>referenda.</span> <span class='ocrx_word' id='word_1_186' title='bbox 651 2187 978 2239; x_wconf 86' lang='lat' dir='ltr'>Catamorphosin</span> <span class='ocrx_word' id='word_1_187' title='bbox 1012 2186 1145 2237; x_wconf 88' lang='lat' dir='ltr'>potius</span> <span class='ocrx_word' id='word_1_188' title='bbox 1179 2185 1345 2224; x_wconf 90' lang='lat' dir='ltr'>dixerim</span> <span class='ocrx_word' id='word_1_189' title='bbox 1383 2184 1531 2224; x_wconf 91' lang='lat' dir='ltr'>combi-</span> 
     </span>
     <span class='ocr_line' id='line_1_27' title="bbox 187 2261 1529 2316; baseline -0.003 -13"><span class='ocrx_word' id='word_1_190' title='bbox 187 2264 387 2303; x_wconf 88' lang='lat' dir='ltr'>nationem</span> <span class='ocrx_word' id='word_1_191' title='bbox 416 2262 726 2313; x_wconf 89' lang='lat' dir='ltr'>eumorphoseos</span> <span class='ocrx_word' id='word_1_192' title='bbox 755 2268 794 2304; x_wconf 88' lang='lat' dir='ltr'>et</span> <span class='ocrx_word' id='word_1_193' title='bbox 819 2264 1160 2316; x_wconf 83' lang='lat' dir='ltr'>anamorphoseos,</span> <span class='ocrx_word' id='word_1_194' title='bbox 1190 2275 1306 2315; x_wconf 87' lang='lat' dir='ltr'>quam</span> <span class='ocrx_word' id='word_1_195' title='bbox 1326 2261 1368 2300; x_wconf 91' lang='lat' dir='ltr'>in</span> <span class='ocrx_word' id='word_1_196' title='bbox 1390 2261 1529 2300; x_wconf 89' lang='lat' dir='ltr'>Orchi-</span> 
     </span>
     <span class='ocr_line' id='line_1_28' title="bbox 189 2337 1530 2394; baseline -0.004 -14"><span class='ocrx_word' id='word_1_197' title='bbox 189 2340 272 2380; x_wconf 86' lang='lat' dir='ltr'>deis</span> <span class='ocrx_word' id='word_1_198' title='bbox 299 2339 539 2391; x_wconf 87' lang='lat' dir='ltr'>deprehendi</span> <span class='ocrx_word' id='word_1_199' title='bbox 573 2343 670 2390; x_wconf 89' lang='lat' dir='ltr'>puto</span> <span class='ocrx_word' id='word_1_200' title='bbox 704 2340 744 2379; x_wconf 91' lang='lat' dir='ltr'>in</span> <span class='ocrx_word' id='word_1_201' title='bbox 773 2342 914 2394; x_wconf 91' lang='lat' dir='ltr'>quibus</span> <span class='ocrx_word' id='word_1_202' title='bbox 943 2340 1142 2381; x_wconf 85' lang='lat' dir='ltr'>tendentia</span> <span class='ocrx_word' id='word_1_203' title='bbox 1173 2340 1222 2379; x_wconf 90' lang='lat' dir='ltr'>ad</span> <span class='ocrx_word' id='word_1_204' title='bbox 1249 2339 1431 2390; x_wconf 87' lang='lat' dir='ltr'>labiatum</span> <span class='ocrx_word' id='word_1_205' title='bbox 1458 2337 1530 2376; x_wconf 88' lang='lat' dir='ltr'>flo-</span> 
     </span>
     <span class='ocr_line' id='line_1_29' title="bbox 190 2415 1532 2469; baseline -0.003 -13"><span class='ocrx_word' id='word_1_206' title='bbox 190 2429 274 2456; x_wconf 89' lang='lat' dir='ltr'>rem</span> <span class='ocrx_word' id='word_1_207' title='bbox 311 2429 402 2456; x_wconf 89' lang='lat' dir='ltr'>cum</span> <span class='ocrx_word' id='word_1_208' title='bbox 436 2415 681 2456; x_wconf 86' lang='lat' dir='ltr'>involutione</span> <span class='ocrx_word' id='word_1_209' title='bbox 714 2418 885 2469; x_wconf 85' lang='lat' dir='ltr'>vaginali</span> <span class='ocrx_word' id='word_1_210' title='bbox 912 2417 1288 2469; x_wconf 89' lang='lat' dir='ltr'>Monocotylearum</span> <span class='ocrx_word' id='word_1_211' title='bbox 1322 2415 1532 2465; x_wconf 87' lang='lat' dir='ltr'>conjuncta</span> 
     </span>
     <span class='ocr_line' id='line_1_30' title="bbox 191 2491 1533 2548; baseline -0.004 -14"><span class='ocrx_word' id='word_1_212' title='bbox 191 2494 358 2534; x_wconf 89' lang='lat' dir='ltr'>videtur.</span> <span class='ocrx_word' id='word_1_213' title='bbox 415 2491 497 2532; x_wconf 86' lang='lat' dir='ltr'>Aut</span> <span class='ocrx_word' id='word_1_214' title='bbox 524 2492 566 2532; x_wconf 92' lang='lat' dir='ltr'>in</span> <span class='ocrx_word' id='word_1_215' title='bbox 579 2493 828 2545; x_wconf 85' lang='lat' dir='ltr'>Compositis,</span> <span class='ocrx_word' id='word_1_216' title='bbox 856 2495 897 2535; x_wconf 90' lang='lat' dir='ltr'>in</span> <span class='ocrx_word' id='word_1_217' title='bbox 926 2496 1066 2548; x_wconf 87' lang='lat' dir='ltr'>quibus</span> <span class='ocrx_word' id='word_1_218' title='bbox 1094 2492 1293 2534; x_wconf 84' lang='lat' dir='ltr'>tendentia</span> <span class='ocrx_word' id='word_1_219' title='bbox 1319 2492 1369 2531; x_wconf 89' lang='lat' dir='ltr'>ad</span> <span class='ocrx_word' id='word_1_220' title='bbox 1396 2492 1533 2535; x_wconf 83' lang='lat' dir='ltr'>antho-</span> 
     </span>
     <span class='ocr_line' id='line_1_31' title="bbox 195 2569 1531 2623; baseline -0.001 -14"><span class='ocrx_word' id='word_1_221' title='bbox 195 2569 302 2610; x_wconf 90' lang='lat' dir='ltr'>dium</span> <span class='ocrx_word' id='word_1_222' title='bbox 358 2582 448 2609; x_wconf 88' lang='lat' dir='ltr'>cum</span> <span class='ocrx_word' id='word_1_223' title='bbox 504 2572 798 2623; x_wconf 91' lang='lat' dir='ltr'>compressione</span> <span class='ocrx_word' id='word_1_224' title='bbox 843 2571 992 2622; x_wconf 87' lang='lat' dir='ltr'>calycis</span> <span class='ocrx_word' id='word_1_225' title='bbox 1037 2572 1078 2611; x_wconf 91' lang='lat' dir='ltr'>in</span> <span class='ocrx_word' id='word_1_226' title='bbox 1119 2582 1290 2622; x_wconf 89' lang='lat' dir='ltr'>pappum</span> <span class='ocrx_word' id='word_1_227' title='bbox 1335 2569 1531 2609; x_wconf 86' lang='lat' dir='ltr'>coincidit.</span> 
     </span>
    </p>
   </div>
  </div>
 </body>
</html>
