1682 2938
896 145 978 187 216

259 254 353 293 feris
380 252 589 305 glandulae
626 255 726 294 duae
762 255 968 296 interiores
1005 257 1107 297 inter
1142 257 1307 296 stamina
1342 258 1523 298 breviora
1558 264 1597 299 et

256 343 418 382 germen
445 331 521 370 huc
548 332 796 379 referendae3
819 332 1026 383 glandulae
1050 346 1146 373 vero
1167 334 1266 372 duae
1292 335 1512 374 exteriores
1541 335 1620 374 in-·

258 410 321 446 ter
348 408 513 447 stamina
547 407 728 459 longiora
764 414 802 448 et
840 409 985 460 calycis
1020 410 1154 461 phylla
1189 410 1356 450 stamina
1390 415 1482 450 sunt
1518 424 1599 450 non

260 483 456 534 explicata
485 488 523 524 et
550 498 640 524 oum
667 485 898 525 staminibus
927 486 1171 526 brevioribus
1200 500 1340 538 gyrum
1358 487 1598 527 exteriorem

260 561 468 600 staminum
497 562 752 610 constituunt,
783 576 872 601 cum
899 563 1039 614 petalis
1069 563 1336 603 alternantem.

367 637 583 689 Singularis
618 640 943 690 metamorphosis
980 644 1039 679 est
1075 639 1290 690 gyrophori
1327 639 1367 678 in
1403 640 1598 691 Fragaria.

261 713 441 753 Crassius
480 718 538 753 est
580 727 626 754 ac
661 714 702 753 in
730 715 929 766 affinibus,
971 729 992 755 e
1019 716 1321 767 parenchymate
1355 717 1467 756 valde
1506 717 1597 755 laxo

261 784 543 841 compositum,
561 795 644 830 tum
672 803 881 831 succosum
911 797 950 832 et
977 793 1183 832 baccatum
1210 793 1253 830 fit
1281 795 1321 830 et
1347 792 1598 832 transversim

261 880 351 906 cum
379 867 572 906 fructibus
602 867 761 907 secedit.

369 944 488 995 Quod
512 944 769 995 perigynium,
797 942 896 984 olim·
913 944 1006 984 mihi
1021 948 1215 994 vocatum,
1244 945 1425 984 Caricum
1453 943 1597 992 attinet,

259 1032 367 1059 nuno
394 1021 609 1060 Kunthio
639 1021 855 1069 assentior,
892 1021 959 1072 qui
987 1020 1156 1072 glumam
1184 1025 1316 1072 putat,
1351 1021 1475 1060 valvis
1505 1033 1598 1059 con-

259 1097 374 1145 natis,
403 1110 479 1149 qua
505 1097 624 1148 igitur
651 1097 701 1136 ad
730 1096 916 1135 Gramina
944 1101 1147 1136 transeunt
1176 1096 1267 1147 (cfr.
1285 1096 1334 1136 W
1345 1097 1468 1148 iegm
1479 1108 1596 1135 anns

260 1171 401 1212 Arch.
433 1173 469 1213 d.
498 1173 822 1224 Naturgesch.
850 1173 889 1213 2.
917 1172 1045 1223 349.).

264 1359 369 1407 142.
436 1360 541 1408 Pis
551 1357 649 1407 till
659 1376 691 1406 u
701 1376 747 1407 m
793 1363 869 1406 est
901 1357 1104 1406 ultserior
1136 1359 1432 1406 continuatio
1463 1354 1599 1419 pedi-

456 1445 584 1508 celli‚
617 1449 745 1510 stig
757 1464 802 1494 m
815 1451 910 1494 ate
942 1449 1218 1507 terminata,
1251 1445 1311 1493 ad
1339 1443 1495 1491 latera
1523 1460 1598 1491 se-

456 1537 590 1582 mina
619 1551 706 1582 seu
724 1532 998 1598 gemmulas
1026 1533 1301 1598 proferens,
1331 1549 1368 1596 g
1380 1549 1405 1579 e
1415 1549 1440 1579 r
1449 1534 1599 1578 mine

455 1621 665 1669 inclusa.

371 1758 581 1798 Germen
617 1763 684 1798 aut
715 1759 882 1810 simplex
910 1762 969 1798 est
996 1771 1195 1810 unumque
1230 1758 1331 1796 sistit
1367 1758 1601 1807 ovarium,

262 1837 330 1874 aut
350 1834 576 1886 multiplex,
625 1849 646 1875 e
669 1835 849 1887 pluribus
876 1835 1139 1887 compositum
1169 1834 1333 1882 ovariis,
1377 1847 1478 1885 quae
1507 1846 1602 1872 sar-

263 1911 401 1963 pella
429 1916 632 1951 vocantur.

372 1989 480 2028 Inter
507 2002 667 2040 germen
696 1993 735 2028 et
762 1988 901 2039 stigma
929 2001 1046 2039 saepe
1075 1987 1240 2038 stylus
1268 1986 1449 2034 interest,
1478 1985 1532 2024 ita
1558 1988 1603 2024 ut

263 2065 454 2116 pistillum
483 2078 504 2104 e
531 2066 654 2104 tribus
669 2065 845 2116 partibus
865 2068 1027 2113 constet,
1055 2063 1239 2115 germine,
1269 2063 1385 2114 stylo,
1400 2062 1599 2113 stigmate.

263 2142 510 2181 Linnaeus
538 2142 654 2181 hasce
682 2146 816 2193 partes
831 2141 980 2193 primus
998 2140 1176 2180 distinxit
1204 2140 1295 2188 (Ph.
1325 2137 1486 2191 bot.‘§.
1503 2138 1602 2186 86.),

265 2231 381 2271 quem
411 2231 546 2257 omnes
575 2218 702 2257 secuti
731 2222 823 2257 sunt
850 2218 1042 2259 Botanici.

371 2295 625 2335 Continuatio
666 2295 867 2346 pedicelli,
909 2294 1191 2343 columella,
1233 2297 1301 2331 aut
1342 2304 1415 2342 per
1443 2303 1602 2342 germen

265 2372 404 2412 transit
431 2375 471 2410 et
499 2372 538 2425 in
567 2373 713 2423 stylum
743 2376 780 2411 et
808 2373 842 2411 si
870 2372 1011 2420 deficit,
1036 2371 1076 2409 in
1104 2370 1243 2421 stigma
1259 2369 1348 2417 abit,
1378 2371 1446 2406 aut
1475 2367 1602 2406 statim

265 2449 450 2488 dividitur
478 2452 516 2487 et
543 2448 658 2499 plura
695 2448 830 2488 ovaria
857 2461 887 2488 s.
919 2446 1092 2498 carpella
1124 2445 1335 2486 constituit.
1391 2443 1492 2482 Illud
1520 2442 1603 2493 ple-

266 2538 430 2577 rumque
458 2524 543 2563 fieri
571 2524 683 2573 solet,
710 2526 786 2564 hoc
814 2525 854 2564 in
870 2522 1194 2572 Ranunculaceis,
1218 2520 1482 2561 Crassulaceis
1499 2519 1603 2558 aliis-

265 2614 353 2654 que,
379 2601 529 2641 accidit.
586 2601 820 2640 Intermedia
857 2604 917 2640 est
951 2601 1096 2648 forma,
1141 2599 1175 2639 si
1211 2598 1316 2638 circa
1344 2598 1490 2649 stylum
1518 2596 1602 2636 uni-
