1682 2938
907 138 993 183 310

280 252 466 289 constans
501 248 623 302 cingit
654 249 860 302 granulum
900 249 1204 302 subglobosum,
1244 255 1371 293 testae
1413 253 1620 296 cavitatem

279 337 363 365 non
389 325 559 377 replens.
613 327 718 366 Dum
745 327 955 379 germinat,
989 327 1151 368 virescit
1179 333 1219 368 et
1247 319 1531 370 incrementum
1560 344 1623 371 ca-

280 401 340 453 pit
367 402 494 442 forma
520 415 602 443 non
629 408 786 453 mutata,
816 408 855 444 et
884 417 1053 456 superne
1081 405 1177 444 duas
1203 406 1486 457 prominentias
1515 407 1622 447 coni-

282 491 350 519 cas
379 480 582 531 appositas
609 480 747 520 emittit
770 483 959 532 majorem
974 482 1255 534 minoremque.
1290 483 1424 534 Major
1451 483 1492 522 in
1519 497 1623 535 gem·

282 567 386 594 mam
414 556 643 607 explicatur,
673 557 778 597 foliis
806 558 1089 609 vaginantibus,
1119 559 1248 598 minor
1269 559 1485 599 reflectitur
1504 564 1543 600 et
1564 573 1624 599 ra-

282 630 409 671 dicem
437 632 539 672 sistit
566 647 666 686 quae
692 647 790 674 vero
820 635 992 675 crassitie
1021 639 1061 674 et
1089 640 1286 675 structura
1302 637 1530 676 caudiculus
1555 640 1624 676 est.

283 707 461 749 Granum
498 723 520 749 e
546 711 851 762 parenchymate
885 712 977 751 laxo
1009 717 1180 760 constat,
1220 713 1410 752 fasciculo
1438 725 1624 752 vasorum

281 785 485 836 spiralium
512 787 554 826 in
580 787 710 827 medio
740 800 761 826 e
789 787 891 826 vasis
919 788 1245 828 breviarticulatis
1274 790 1382 828 varie
1409 789 1540 838 flexis,
1581 788 1623 828 in

281 873 474 913 gemmam
500 864 811 913 transeuntibus,
839 877 949 903 ramo
979 865 1028 904 ad
1052 865 1224 904 radicem
1253 865 1414 904 directo.
1470 866 1516 904 In
1542 863 1626 904 An-

283 951 427 990 graeco
467 941 665 980 maculato
694 941 916 989 observavi,
959 945 998 980 et
1033 941 1072 980 in
1099 928 1282 980 leonibus
1318 941 1522 982 illustravi.
1578 942 1624 982 In

284 1015 491 1055 Orchideis
520 1017 652 1056 omnia
674 1017 774 1057 fiunt
800 1017 936 1057 intima
963 1017 1251 1057 coadunatione
1278 1018 1459 1069 partium.

394 1135 636 1177 Gramina.
693 1137 839 1178 Semen
867 1141 966 1177 testa
991 1137 1107 1178 viridi
1135 1138 1305 1178 cinctum
1332 1138 1435 1177 intra
1453 1137 1626 1189 pericar-

280 1212 391 1264 pium
419 1213 505 1253 basi
519 1214 710 1254 accrescit
726 1219 763 1254 et
777 1214 980 1254 sacculum
1002 1215 1155 1264 format,
1183 1216 1488 1266 parenchymate
1515 1228 1624 1266 amy-

281 1288 399 1330 laceo
439 1292 654 1343 repletum,
709 1291 811 1330 intra
847 1292 954 1344 quod
988 1292 1152 1343 embryo
1188 1292 1314 1331 oritur
1352 1296 1391 1331 et
1424 1292 1625 1343 augendus

282 1367 551 1418 parenchyma
564 1368 748 1408 absorbet
765 1372 810 1408 ut
838 1368 1003 1408 videtur.
1058 1369 1180 1408 Hicce
1208 1368 1388 1408 sacculus
1416 1368 1625 1407 scutellum

282 1442 386 1483 sistit
413 1457 485 1484 seu
511 1444 702 1484 vitellum.
756 1445 864 1484 Intra
890 1446 995 1485 hunc
1009 1445 1212 1485 sacculum
1236 1445 1432 1498 gemmula
1457 1444 1626 1496 simplex

280 1520 514 1560 reconditur
539 1520 623 1560 basi
649 1520 691 1560 in
718 1521 934 1562 radiculam
961 1522 1207 1563 radiculasve
1237 1534 1473 1562 excrescens
1509 1521 1622 1573 apice

280 1595 324 1635 in
348 1596 530 1648 vaginam
557 1598 652 1637 alias
680 1598 841 1649 vaginas
877 1612 952 1639 nec
985 1612 1067 1640 non
1101 1599 1198 1639 folia
1226 1599 1447 1650 cingentem
1483 1602 1522 1638 et
1550 1597 1625 1637 ful-

282 1672 464 1714 cientem.
518 1673 589 1714 Est
617 1674 906 1726 simplicissima
927 1675 1101 1715 omnium
1131 1676 1404 1715 conformatio.

392 1793 538 1833 Variae
577 1794 738 1833 fuerunt
763 1793 983 1834 Auctorum
1021 1796 1227 1847 opiniones
1263 1796 1311 1835 de
1346 1795 1626 1846 embryonibus

282 1869 513 1910 involutivis
543 1873 584 1910 et
610 1870 923 1911 subinvolutivis.
978 1873 1074 1924 Legi
1100 1876 1302 1911 merentur
1317 1872 1493 1924 inprimis
1524 1885 1628 1924 quae

281 1947 385 1987 inter
411 1946 695 1987 Mirbelium
731 1952 768 1987 et
795 1948 1090 1989 Richardum
1126 1950 1323 2001 disputata
1351 1953 1461 1998 sunt,
1505 1952 1622 1988 acute

283 2024 389 2063 dicta
417 2029 456 2063 et
483 2027 666 2063 accurate
696 2024 919 2075 observata,
955 2025 1009 2065 ita
1042 2030 1086 2065 ut
1121 2027 1169 2066 de
1206 2027 1337 2066 verbis
1372 2029 1520 2065 tantum
1549 2025 1625 2064 dis-

282 2100 484 2140 sentirent.
546 2101 805 2141 Inveniuntur
850 2102 1085 2153 praesertim
1124 2103 1164 2142 in
1201 2101 1369 2143 Annal.
1408 2103 1468 2142 du
1504 2094 1631 2141 Mus(

283 2175 456 2216 d’Hist.
490 2182 581 2219 nat.
618 2179 663 2218 T.
689 2177 753 2219 13.
789 2177 852 2219 16.
888 2178 951 2219 17.
1021 2180 1140 2219 Hisce
1175 2180 1317 2231 jungas
1357 2177 1625 2219 Trevirani

283 2266 383 2306 opus
411 2266 530 2305 supra
559 2255 738 2304 citatum,
786 2260 869 2295 tum
898 2270 1055 2309 quoque
1082 2256 1408 2309 Brongniarti
1443 2255 1625 2295 disserta-

283 2331 447 2381 tionem,
476 2345 551 2370 nec
579 2345 661 2372 non
690 2346 790 2385 quae
818 2334 1171 2384 Bernhardius,
1201 2347 1278 2387 qua
1306 2333 1409 2373 solet
1435 2331 1625 2385 tranquil-

281 2407 392 2448 litate
420 2407 469 2447 de
494 2404 553 2447 his
574 2408 766 2458 judicavit
792 2409 833 2449 in
861 2411 1077 2451 Linnaea
1105 2412 1150 2451 T.
1170 2411 1206 2451 7.

393 2527 704 2569 Germinatio
747 2532 964 2571 secundum
1002 2533 1161 2572 ordines
1195 2531 1392 2571 naturales
1428 2543 1623 2582 generave

286 2604 403 2645 citior
443 2605 594 2647 tardior
631 2606 719 2646 fieri
763 2607 876 2648 solet.
939 2608 1030 2649 Alia
1064 2607 1212 2649 semina
1243 2608 1346 2649 intra
1379 2605 1622 2658 nycthemeri
