1682 2938
924 138 1007 179 282

297 244 411 283 ovale
440 250 614 295 acutum,
651 249 756 299 quod
784 248 824 286 in
856 249 1047 288 Phaseolo
1077 251 1333 300 appendicem
1369 252 1630 307 chalazianam

296 320 562 362 Mirbelius
591 324 773 374 appellat,
804 326 1083 376 corpusculum
1111 326 1384 377 glandulosum
1411 329 1630 368 Trevira-

297 411 397 437 nus.
455 399 562 438 Perit
590 400 681 439 dum
711 402 873 453 embryo
902 403 1109 451 accrescit,
1140 403 1203 441 cui
1231 403 1378 442 directe
1408 405 1630 456 oppositum

296 479 367 513 est.
423 475 673 516 Continuatio
701 478 816 528 hujus
846 479 1027 530 corporis
1055 480 1211 519 videtur
1244 481 1425 521 sacculus
1454 482 1525 521 iste
1555 483 1631 522 cel-
1654 478 1659 531 J

294 550 447 590 lulosus
464 566 535 603 per
549 554 716 593 mediam
739 555 946 594 cavitatem
965 556 1095 595 nuclei
1120 557 1323 607 transiens,
1357 571 1473 610 quam
1501 561 1631 611 quin-

295 628 448 668 tinam
477 630 575 670 dixit
602 631 873 670 Mirbelius.
941 631 1034 671 Non
1063 633 1189 672 minus
1216 634 1321 685 perit
1348 635 1440 674 dum
1468 636 1630 687 embryo

294 706 476 745 nascitur.
530 708 638 746 Inter
669 708 894 758 embryonis
927 709 1202 749 formationem
1238 712 1308 749 sub
1346 711 1434 762 ipso
1464 712 1629 752 cellulae

295 796 456 834 magnae
506 790 728 835 emergunt,
786 797 881 836 quas
923 785 1282 825 Dutrochetius
1338 788 1628 839 hypostatas

295 865 419 899 vocat

403 970 503 1008 Tum
532 971 679 1008 cavitas
714 970 888 1021 repletur
925 975 991 1009 aut
1019 970 1235 1021 embryone
1263 973 1370 1021 solo,
1411 978 1478 1013 aut
1506 974 1631 1012 albu-

295 1047 440 1095 mine,
468 1048 571 1085 intra
599 1051 666 1085 aut
689 1046 804 1096 juxta
833 1048 939 1099 quod
968 1048 1130 1099 embryo
1159 1052 1296 1098 postea
1325 1050 1529 1089 enascitur.
1587 1052 1629 1090 Si

294 1122 563 1174 periphericus
593 1128 653 1162 est
681 1124 843 1175 embryo
876 1138 964 1163 cum
993 1124 1188 1163 albumine
1206 1126 1407 1166 formatur.
1436 1126 1630 1166 Albumen

294 1201 416 1239 hocce
438 1213 460 1239 e
482 1201 785 1252 parenchymate
812 1201 904 1240 laxo
934 1206 1086 1240 constat
1114 1202 1286 1253 granulis
1315 1203 1524 1254 amylaceis
1553 1217 1630 1242 ma-

291 1278 350 1328 gis
377 1278 554 1317 minusve
585 1278 749 1329 repleto.
803 1279 847 1317 In
875 1279 1169 1330 Monocotyleis
1202 1279 1379 1330 plurimis
1416 1280 1540 1319 hocce
1576 1282 1632 1319 al-

291 1355 436 1393 bumen
464 1355 670 1406 reperitur,
698 1356 738 1394 in
755 1355 972 1405 Dicotyleis
988 1369 1145 1407 quoque
1172 1369 1254 1395 non
1281 1370 1412 1395 rarum
1432 1361 1502 1396 est.
1541 1358 1629 1396 Em-

292 1431 392 1482 bryo
422 1444 503 1470 non
531 1445 622 1471 raro
644 1432 899 1483 appendicem
915 1433 1031 1471 habet
1060 1446 1081 1472 e
1111 1433 1214 1471 serie
1243 1433 1473 1472 cellularum
1502 1434 1542 1472 in
1570 1448 1630 1473 ra-
1654 1470 1657 1478 „

292 1508 461 1547 diculam
499 1515 784 1557 transeuntem,
830 1510 992 1548 forsitan
1028 1510 1076 1548 ad
1111 1510 1444 1550 transmittendam
1478 1509 1653 1562 genitu?

291 1598 384 1624 ram.
439 1586 568 1624 Filum
597 1586 694 1625 dixit
734 1587 1031 1637 suspensorium
1063 1586 1122 1636 (le
1151 1587 1420 1638 Suspensenr)
1456 1588 1629 1626 Mirbe-

290 1661 399 1701 lius.
457 1663 658 1701 Interdum
694 1675 852 1714 quoque
888 1664 1051 1714 embryo
1088 1664 1189 1703 intra
1223 1664 1472 1704 sacculum
1508 1677 1627 1715 pecu-

288 1738 427 1777 liarem
454 1739 582 1777 oritur
609 1739 809 1788 (sacculus
839 1739 1131 1791 colliquamenti
1158 1741 1470 1792 Mflpighio),
1515 1741 1625 1790 cujus
1657 1785 1660 1788 ,

290 1816 528 1855 mentionem
556 1816 649 1855 facit
675 1807 956 1865 Browni'us,
995 1816 1257 1856 Mirbelius
1295 1818 1447 1856 omittit.
1505 1818 1625 1856 Hicce

289 1905 426 1931 saccus
446 1894 748 1944 parenchymatc
776 1893 963 1944 repletus,
994 1895 1099 1945 quod
1129 1895 1342 1945 embryone
1372 1896 1538 1934 adaucto
1568 1895 1624 1934 di-

289 1970 476 2009 minuitur
504 1975 543 2009 et
572 1970 778 2019 evanescit,
808 1970 923 2009 simul
951 1983 1108 2023 quoque
1137 1971 1301 2010 nucleus
1329 1978 1541 2023 superstes,
1571 1972 1624 2011 al-

290 2048 457 2086 bnminis
484 2048 594 2096 facie,
624 2047 852 2087 diminuitur
881 2048 1007 2087 donec
1034 2048 1241 2089 evanescit.
1290 2048 1356 2087 Sic
1386 2050 1426 2087 in
1455 2049 1621 2088 Labiatis
1656 2079 1659 2082 .

289 2125 431 2163 inveni.

398 2224 497 2261 Cum
554 2227 770 2261 maturatur
824 2235 957 2262 semen
1012 2223 1316 2275 integumentum
1364 2225 1536 2263 exterius
1582 2225 1624 2263 fit

290 2305 427 2340 testa.
485 2300 632 2339 Colore
667 2300 897 2339 obscuriore
934 2300 1061 2339 differt
1096 2301 1142 2339 ab
1180 2300 1367 2340 interiore
1401 2301 1623 2339 membrana

289 2377 514 2430 pericarpii,
554 2384 635 2416 tum
677 2391 833 2429 quoque
869 2391 891 2415 a
926 2378 1229 2429 parenchymate
1268 2378 1505 2416 circumfuso
1552 2390 1622 2416 seu
1654 2373 1658 2391 ³

290 2455 428 2507 pulpa,
474 2454 670 2493 interdum
698 2453 938 2494 vividissimo
967 2454 1148 2506 splendet
1179 2454 1324 2494 colore.
1382 2454 1621 2492 Cellularum

290 2535 416 2572 forma
444 2531 557 2571 valde
586 2531 716 2580 variat,
746 2544 899 2582 parvae,
927 2531 1201 2583 subglobosae,
1230 2530 1390 2569 materia
1419 2530 1619 2569 colorante
1657 2519 1660 2562 Ῐ

289 2611 328 2649 in
357 2609 482 2649 media
510 2607 653 2648 cellula
681 2613 922 2656 coacervata,
953 2623 984 2648 e.
1015 2622 1049 2655 g.
1081 2609 1119 2647 in
1141 2607 1343 2656 Phaseolo,
1371 2606 1617 2658 longissimae
