1682 2938
912 137 994 180 316

393 247 759 300 Equisetaceae.
813 248 1108 290 Inflorescentia
1135 250 1284 302 spicata
1310 263 1332 290 e
1359 252 1616 303 sporidochiis

281 323 450 375 peltatis,
477 324 742 376 sporocarpiis
769 325 1084 367 membranaceis.
1140 327 1357 379 Sporangia
1383 329 1459 369 filis
1489 330 1615 371 elasti-

283 399 339 439 cis
369 399 484 449 fulta,
527 413 646 452 spora
673 400 831 440 minima
871 403 964 452 (cfr.
994 403 1218 444 Bischof:
1255 404 1331 444 die
1358 406 1615 459 kryptoga-

280 477 498 517 mischen
527 477 802 517 Gewachse.
832 477 869 518 1.
892 479 1020 530 Liefi).
1076 481 1308 521 Membrana
1342 484 1615 535 sporocarpio-

279 567 367 593 rum
400 567 422 593 e
451 553 604 593 cellulis
639 554 794 594 fibrosis
828 556 1090 606 componitur.
1146 557 1233 597 Fila
1275 558 1435 598 elastica
1478 560 1612 600 forsan

278 632 330 670 ad
358 630 520 670 cellulas
546 631 712 671 fibrosas
740 643 845 670 nunc
885 632 1128 674 oblitteratas
1154 635 1436 686 pertinuerunt.
1491 638 1613 678 Hed-

279 708 450 759 wigius
493 708 694 759 pulverem
738 707 844 746 hisce
889 708 1000 759 apice
1041 710 1261 763 inspersum
1292 713 1480 764 pollinem
1524 728 1612 755 esse

279 785 454 827 credidit.
510 786 570 824 De
599 783 882 835 germinatione
909 798 946 826 v.
976 783 1012 838 §.
1029 786 1095 828 92.

386 926 728 966 Salviniaceae
757 939 788 966 s.
817 926 1204 980 Rhizocarpeae.
1268 931 1525 983 Sporidochia
1558 935 1609 974 ad

276 1003 448 1048 radicem
475 1003 605 1054 posita
632 1009 734 1042 sunt.
790 1002 1012 1056 Sporangia
1032 1005 1236 1058 dimorpha
1250 1020 1320 1047 seu
1337 1009 1500 1061 duplicis
1529 1012 1609 1051 for-

274 1094 372 1128 mae,
400 1084 466 1119 aut
493 1080 533 1119 in
560 1080 699 1119 eodem
725 1080 859 1120 loculo
888 1082 1130 1133 sporidochii
1157 1083 1377 1135 (Piluluria‚
1403 1087 1608 1137 Marsilea)

274 1162 342 1196 aut
387 1157 427 1196 in
469 1157 631 1196 diversis
659 1157 910 1208 reperiuntur
950 1159 1166 1210 (Salvium,
1201 1161 1390 1212 Jsoetes).
1444 1163 1490 1207 In.
1529 1163 1607 1207 illis

273 1234 349 1273 alia
375 1247 427 1285 sp
438 1234 633 1285 origera
660 1234 754 1273 mihi
772 1235 886 1284 dicta,
905 1236 1056 1276 clavata
1074 1242 1208 1287 sunt,e
1223 1240 1445 1279 membrana
1460 1240 1606 1280 tenuis-

273 1311 390 1360 sima,
420 1310 572 1350 cellulis
595 1311 743 1362 magnis
772 1313 970 1365 appositis,
999 1314 1126 1366 spor-is
1154 1316 1300 1366 sparsis
1328 1316 1509 1368 globosis,
1536 1317 1606 1356 mi-

271 1388 397 1436 nutis,
436 1388 575 1436 fuscis,
616 1389 824 1440 superficie
851 1391 1066 1441 granulata.
1121 1391 1211 1431 Alia
1237 1405 1334 1432 vero
1369 1393 1605 1445 gonigera

271 1465 437 1505 dicenda
462 1467 613 1516 majora
642 1465 875 1518 cylindrica,
903 1466 1048 1516 brevia,
1077 1480 1218 1517 crassa,
1251 1469 1380 1509 medio
1406 1470 1602 1522 pedicello

268 1543 421 1586 minuto
459 1541 576 1591 fulta,
621 1543 845 1586 membrana
891 1544 1000 1583 tenui
1043 1544 1235 1588 cellulosa
1276 1545 1367 1590 laxa
1414 1544 1601 1593 involuta,
1663 1598 1665 1600 q

269 1619 342 1664 ista
369 1620 493 1663 fai-cta
519 1619 650 1670 granis
679 1632 805 1661 massa
835 1633 1018 1671 grumosa
1053 1621 1215 1673 repletis
1250 1626 1290 1662 et
1319 1635 1435 1675 saepe
1463 1624 1603 1666 rimula

267 1696 410 1735 notatis
437 1696 495 1734 sic
528 1696 569 1734 in
602 1695 788 1740 Pilularia
816 1701 854 1739 et
868 1697 1056 1742 Marsilea
1082 1698 1174 1741 vidi.
1229 1699 1274 1737 In
1308 1699 1480 1743 Salvinia
1505 1714 1599 1752 spo·
1653 1720 1654 1723 ¹

265 1774 400 1824 raugia
434 1772 638 1824 sporigera
677 1785 759 1811 non
793 1772 1060 1822 inveniuntur,
1099 1775 1169 1813 sed
1208 1788 1349 1826 sporae
1384 1781 1531 1816 tantum
1558 1778 1600 1818 in

265 1850 491 1894 membrana
518 1849 576 1890 uti
604 1849 805 1900 sporangii
832 1862 1002 1901 sparsae,
1035 1850 1165 1901 sporis
1192 1851 1233 1890 in
1261 1853 1479 1905 sporangiis
1506 1867 1598 1906 spo-

263 1928 401 1980 rigeris
429 1926 660 1966 simillimae.
715 1927 760 1965 In
788 1926 960 1967 Salvinia
992 1928 1200 1979 sporangia
1227 1929 1414 1980 gonigera,
1447 1931 1600 1975 minora

262 2010 374 2053 sunt,
417 2018 464 2044 ac
491 2004 530 2042 in
559 2003 760 2052 Pilularia,
789 2004 973 2054 globosa,
1000 2003 1156 2055 longius
1182 2005 1433 2056 pedicellata,
1468 2007 1595 2046 farcta

261 2081 393 2134 granis
421 2081 523 2120 intus
552 2080 765 2131 grumosis,
801 2080 840 2119 in
868 2080 1008 2133 quibus
1036 2094 1134 2121 vero
1163 2082 1321 2122 rimulas
1349 2095 1430 2122 non
1458 2084 1593 2123 obser-

260 2159 360 2198 vavi.
418 2158 637 2209 Sporangia
673 2157 862 2209 goni‘gera
897 2158 1078 2197 antheras
1116 2160 1336 2210 putaverim
1376 2173 1458 2199 non
1496 2161 1591 2200 satis

260 2235 484 2287 explicatas.
540 2234 620 2274 cfr.
650 2248 750 2287 quae
779 2235 862 2281 Bis
875 2235 1069 2281 chofius
1098 2235 1205 2285 dixit,
1243 2237 1284 2275 in
1319 2249 1440 2294 opere
1473 2250 1596 2289 supra,

259 2313 380 2357 citato
406 2311 503 2355 Lief.
532 2311 578 2358 2„

367 2455 776 2506 Loo-opodiaeeae
816 2456 1026 2508 sporangia
1064 2456 1208 2495 habent
1242 2456 1286 2495 in
1316 2455 1445 2494 axillis
1474 2456 1588 2497 folia-

256 2546 344 2574 rum
370 2546 441 2573 seu
469 2533 731 2580 bractearum,
759 2545 877 2585 saepe
905 2533 1070 2575 bivalvia
1104 2533 1278 2584 granulis
1311 2533 1450 2581 farcta,
1487 2544 1594 2585 quae

255 2611 386 2654 tunica
434 2609 630 2666 pellucida
672 2610 806 2654 induta
847 2614 952 2655 suut-2
1019 2611 1130 2654 Haeo
1165 2609 1328 2663 granula
1368 2610 1587 2662 germinant
