1682 2938
868 145 950 188 178

272 261 311 297 et
336 255 496 309 quidem
523 255 575 296 ob
612 256 809 308 margines
842 256 1088 297 introflexos.
1155 257 1200 295 In
1236 257 1365 307 primo
1395 255 1612 306 juventutis

271 333 400 373 stadio
429 346 550 385 saepe
585 333 742 373 loculos
779 334 924 373 habent
960 335 1059 374 duos
1095 333 1298 372 distinctos
1335 346 1382 371 ac
1411 337 1613 383 separatos

271 415 312 450 et
339 410 497 463 quidem
526 411 577 450 ob
605 411 801 463 margines
828 424 911 451 non
937 411 1066 450 solum
1094 411 1326 450 introflexos
1356 409 1427 448 sed
1455 422 1612 461 quoque

270 488 390 528 dorso
426 487 551 528 loculi
583 488 759 529 adnatos.
816 489 917 528 Cum
951 487 1215 535 adoleverint,
1259 487 1455 538 margines
1484 486 1615 526 adnati

269 565 393 617 magis
419 565 622 618 magisque
650 565 861 605 solvuntur
886 569 927 605 et
953 566 1155 615 secedunt,
1183 565 1312 603 donec
1338 563 1463 603 loculi
1489 562 1616 603 unilo-

270 642 425 682 eulares
453 643 567 693 fiant,
603 643 711 696 quod
744 643 786 682 in
821 642 993 683 antheris
1021 642 1109 682 Lilii
1135 641 1321 681 bulbiferi
1357 640 1504 692 optime
1531 653 1616 679 cer-

268 731 366 759 nere
393 719 498 759 licet.

375 812 516 852 Loculi
531 813 578 852 ab
596 813 707 852 initio
735 813 1003 853 uniloculares
1031 813 1116 853 fere
1141 812 1314 852 rariores
1342 815 1443 859 sunt,
1474 822 1614 849 occur—

271 894 364 930 runt
393 903 426 929 e.
455 903 492 941 g.
522 889 563 928 in
592 891 822 930 Oenothera
847 890 916 930 ubi
943 890 1139 941 margines
1166 889 1289 929 loculi
1316 888 1421 927 inter
1449 900 1492 927 se
1521 900 1614 926 con-

267 968 350 1006 nati
377 979 452 1006 nec
480 967 600 1006 dorso
630 967 815 1007 antherae
839 967 972 1007 adnati
987 966 1295 1017 conspiciuntur.
1350 965 1394 1003 In
1422 964 1482 1003 his
1510 964 1614 1003 inter

268 1043 550 1084 dehiscentiam
580 1047 836 1095 rumpuntur,
876 1043 927 1082 ob
963 1046 1195 1082 contextum
1224 1041 1459 1080 cellulosum
1485 1040 1614 1079 minus

266 1122 434 1171 firmum,
464 1133 554 1160 cum
581 1120 623 1160 in
649 1120 793 1160 loculis
809 1119 1094 1160 bilocularibus
1123 1104 1364 1158 dehiscentia
1391 1117 1615 1157 secessione

266 1198 486 1250 marginum
514 1197 568 1237 fit.

377 1291 580 1331 Antherae
617 1303 776 1343 quoque
814 1290 925 1342 ipsae
959 1289 1228 1329 uniloculares
1264 1289 1449 1329 existunt.
1506 1286 1615 1327 Alias

267 1369 403 1422 spurie
428 1367 699 1408 uniloculares
727 1367 897 1407 dixerim
925 1380 959 1406 e.
986 1379 1023 1418 g.
1052 1365 1370 1414 Malvacearum3
1424 1368 1485 1405 est
1512 1365 1615 1404 enim

266 1446 426 1487 loculus
453 1446 592 1495 flexus,
621 1445 800 1494 bicruris,
831 1457 932 1497 quae
961 1457 1091 1493 crura,
1119 1443 1154 1482 si
1182 1447 1363 1495 separata
1388 1447 1530 1493 essent,
1557 1443 1616 1483 lo-

268 1523 382 1564 culos
414 1522 655 1562 exhiberent.
710 1520 826 1560 Aliae
858 1534 957 1561 vero
994 1534 1135 1560 revera
1177 1521 1445 1561 uniloculares
1484 1520 1616 1560 dicen·
1676 1511 1678 1514 ’

268 1601 361 1650 dae,
397 1600 454 1639 uti
480 1598 738 1638 Balsaminae.
794 1599 846 1637 Et
874 1598 1194 1649 Syngenesarum
1222 1599 1405 1638 antherae
1433 1598 1616 1637 uniloeu-
1659 1636 1662 1639 .

266 1677 373 1717 lares
399 1680 501 1725 sunt,
530 1675 769 1727 marginibus
787 1675 979 1724 connatis,
1007 1675 1063 1714 ita
1083 1678 1128 1714 ut
1155 1675 1292 1714 tubum
1320 1676 1500 1723 forment,
1528 1674 1616 1726 pol-

267 1755 348 1794 line
375 1753 590 1806 repletum,
630 1752 824 1804 pistillum
855 1738 1088 1803 cingentem.
1144 1752 1261 1791 Initio
1289 1752 1447 1791 clausae
1476 1752 1614 1791 tubum
1675 1787 1677 1789 ,

268 1833 442 1871 formant
479 1831 564 1870 fere
598 1828 1010 1882 quinquelocularem,
1055 1832 1139 1867 tum
1174 1828 1369 1879 margines
1404 1829 1615 1868 interiores

267 1902 474 1958 secedunt,
517 1912 558 1947 et
591 1907 708 1946 tubus
743 1906 789 1946 fit
815 1905 1085 1945 unilocularis.
1154 1903 1332 1944 Anthera
1358 1904 1615 1946 unilocularis

268 1986 311 2025 in
338 1986 476 2025 Canna
501 1984 730 2025 bilocularis
760 1986 963 2024 contracta
1001 1982 1176 2032 videtur,
1220 1995 1310 2022 nam
1337 1983 1458 2035 raphe
1486 1982 1615 2022 multi·
1674 2031 1676 2033 .

267 2063 415 2115 plicata
442 2066 512 2102 est.

375 2148 554 2190 Anthera
581 2148 908 2202 quadrilocularis
934 2160 1016 2188 non
1045 2147 1195 2197 existit,
1242 2147 1318 2187 nisi
1354 2147 1454 2186 duae
1483 2147 1615 2185 anthe—

267 2240 335 2266 rae
356 2227 505 2267 fuerint
532 2230 735 2276 connatae,
763 2226 869 2279 quod
891 2225 932 2264 in
950 2225 1080 2264 Salice
1097 2225 1234 2264 Helice
1262 2229 1302 2264 et
1329 2237 1529 2275 purpurea
1555 2223 1615 2262 lo·
1680 2278 1682 2284 A

269 2316 360 2343 cum
393 2303 511 2342 habet
553 2304 650 2354 (cfr.
687 2304 744 2343 de
771 2302 993 2342 Candoll.
1023 2303 1131 2354 Org.
1162 2300 1198 2342 1.
1228 2300 1363 2352 462),
1418 2301 1614 2340 interdum

268 2393 428 2434 quoque
457 2380 498 2419 in
519 2380 658 2420 ,Salice
686 2379 814 2420 aurita
840 2380 1049 2432 reperitur.

378 2467 554 2508 Anthera
582 2481 603 2508 e
612 2481 633 2507 r
641 2481 662 2508 e
673 2482 694 2508 c
703 2472 719 2508 t
728 2482 751 2508 a
786 2475 847 2508 est
857 2500 866 2518 ,
904 2468 1021 2508 etiam
1057 2468 1091 2507 si
1124 2467 1365 2507 filamentum
1397 2453 1612 2505 lateraliter

269 2545 459 2586 inseritur
484 2545 648 2597 (Lilium
662 2546 930 2596 bulbiferum),
960 2549 1028 2586 aut
1055 2545 1104 2586 in
1114 2559 1218 2586 cum
1227 2545 1251 2584 b
1263 2558 1284 2585 e
1294 2558 1358 2594 ns,
1390 2547 1430 2585 et
1449 2544 1482 2583 si
1507 2554 1608 2594 apex

268 2623 456 2664 filamenti
484 2622 615 2664 tenuis
644 2627 714 2674 est,
741 2636 767 2663 v
777 2636 798 2672 e
809 2637 829 2663 r
839 2636 857 2663 s
867 2637 890 2663 a
899 2623 955 2664 til
967 2623 1017 2662 is.
