1682 2938
932 117 1015 159 318

300 225 411 277 quod
438 224 479 264 in
506 224 621 264 horto
649 229 788 267 nostro
816 226 1002 267 botanico
1031 228 1187 279 saepius
1205 230 1347 270 accidit
1375 235 1413 270 et
1435 232 1517 281 jam
1542 236 1639 274 tem-

299 315 400 356 pore
420 299 767 343 Willdenowii
795 304 942 344 factum
960 309 1020 345 est
1047 305 1380 355 (Willdenow.
1410 308 1544 360 Spec.
1573 310 1635 361 pl.

301 382 347 421 T.
362 380 401 421 5.
429 394 467 433 p.
487 379 622 430 V111.).
680 380 782 420 Sunt
809 394 968 434 quoque
996 383 1149 434 species
1178 384 1395 435 sporangiis
1423 385 1636 438 dimorphis

298 458 517 511 praeditae,
554 459 593 497 et
620 456 777 509 quidem
805 457 891 498 aliis
920 459 1132 498 minoribus
1162 460 1295 511 spori
1305 462 1456 512 geris,
1494 463 1558 512 iis,
1587 464 1636 503 de

299 535 441 589 quibus
468 534 587 574 modo
613 534 781 574 diximus
809 535 1030 584 simillimis,
1067 536 1150 575 aliis
1179 538 1408 588 majoribus,
1443 539 1636 591 gonige-

298 614 388 662 ris,
416 611 787 664 tri-quadrivalvatis
810 613 982 664 granulis
1009 614 1143 664 paucis
1169 626 1297 653 massa
1323 627 1505 666 grumosa
1533 617 1634 656 farc-

297 690 361 730 tis.
417 688 637 741 Sporangia
663 689 817 728 minora
849 701 935 728 esse
963 691 1143 730 antheras
1172 691 1298 730 minus
1325 692 1424 731 bene
1458 693 1634 733 adfirmat

297 767 510 807 Brotero
538 765 700 814 (Linn.
730 767 986 805 Transact.
1012 766 1051 806 5.
1081 766 1204 815 192).
1259 767 1353 807 Non
1381 769 1514 808 differe
1541 782 1633 821 spo-

296 844 434 896 rangia
488 846 654 894 utraque
710 846 848 881 contra
891 846 1069 882 naturam
1121 844 1261 883 asserit
1302 845 1632 898 Wahlenberg

295 920 372 972 (N.
414 919 518 959 Act.
554 918 662 969 Ups.
701 919 737 959 7.
767 917 890 966 163.)
945 919 1166 972 Sporangia
1202 921 1275 960 ista
1313 920 1482 972 duplicia
1517 923 1631 962 valde
1681 930 1682 933 ’

298 997 512 1039 convenire
560 1009 650 1035 cum
695 995 917 1048 sporangiis
958 996 1316 1049 Rhizocarpearum
1371 997 1484 1038 facile
1538 1011 1632 1040 con-

296 1075 475 1129 spicitur.

404 1208 435 1247 P
445 1206 490 1247 ol
500 1219 559 1258 yp
570 1218 594 1245 o
603 1206 627 1244 d
637 1218 658 1245 e
667 1218 690 1244 a
699 1218 721 1245 c
731 1218 752 1244 e
760 1218 782 1243 a
791 1217 823 1244 e.
880 1202 1036 1243 Folium
1056 1216 1145 1242 cum
1161 1215 1281 1254 scapo
1300 1204 1513 1256 fructigero
1537 1218 1630 1245 con-
1678 1196 1682 1226 1

293 1288 427 1326 natum
455 1288 564 1335 puto,
592 1283 696 1322 unde
724 1281 934 1334 sporangia
962 1281 1010 1319 ad
1039 1281 1201 1320 dorsum
1222 1281 1307 1319 folii
1321 1293 1512 1321 conversa
1527 1285 1629 1323 sunt.

292 1363 393 1403 Rem
426 1373 627 1413 exponere
663 1359 794 1399 studui
827 1358 868 1397 in
901 1357 1014 1398 Abh.
1053 1358 1088 1398 d.
1123 1357 1250 1396 Berl.
1284 1358 1428 1398 Akad.
1458 1357 1627 1398 f.1835.
1657 1348 1664 1354 ⁴

291 1453 332 1492 p.
349 1438 415 1480 83.
474 1438 536 1477 Ob
563 1438 664 1477 hanc
694 1435 1025 1476 combinationem
1053 1435 1256 1474 frondes
1286 1434 1403 1474 dicas.
1459 1435 1629 1486 Sporan-

292 1518 357 1570 gia
384 1516 610 1568 saepissime
638 1513 871 1566 pedicellata
898 1512 1025 1551 rarius
1059 1512 1227 1561 sessilia,
1270 1512 1310 1551 in
1338 1525 1502 1551 acervos
1528 1524 1627 1564 quos

291 1607 433 1635 soros
476 1594 613 1635 dicunt
654 1591 873 1643 composita
915 1593 1026 1638 sunt,
1082 1589 1278 1628 indusio
1320 1589 1432 1628 initio
1472 1592 1627 1640 tegente

290 1684 410 1723 saepe
438 1670 620 1722 apposito
649 1669 881 1721 plerumque
905 1667 1024 1716 tenui,
1052 1667 1177 1705 rarius
1195 1666 1398 1716 crassiore,
1428 1670 1629 1705 constante

291 1761 314 1788 e
338 1747 644 1800 parenchymate
671 1746 775 1794 laxo,
803 1745 904 1785 vasis
932 1744 1050 1783 nullis
1077 1757 1152 1783 nec
1175 1743 1378 1782 stomatiis.
1421 1742 1514 1782 Non
1543 1754 1629 1781 esse
1676 1758 1679 1779 e

291 1824 571 1877 epidermidem
590 1824 622 1862 T
633 1822 883 1862 reviranus
899 1821 1129 1861 monstravit
1147 1820 1322 1871 (Verm.
1340 1819 1468 1858 Schr.
1484 1818 1521 1858 4.
1540 1819 1626 1868 64).
1676 1818 1678 1878 ᾗ

288 1901 511 1954 Sporangia
538 1900 686 1940 annulo
715 1913 786 1940 seu
813 1903 1063 1951 gyromate
1092 1898 1220 1937 cincta
1243 1901 1344 1946 sunt,
1374 1908 1522 1947 organo
1551 1895 1629 1934 sin·

288 1979 437 2032 gularis
483 1976 799 2018 constructionis.
856 1977 902 2015 In
942 1975 1142 2027 plerisque
1183 1975 1301 2014 tubus
1337 1977 1396 2012 est
1431 1976 1627 2021 curvatus,
1674 1960 1677 2013 s

288 2060 478 2110 quantum
504 2055 640 2095 videre
668 2054 764 2093 licet
798 2053 956 2093 nonnisi
990 2055 1080 2091 aere
1118 2051 1311 2102 repletus,
1357 2049 1477 2101 septis
1504 2053 1629 2089 trans-
1673 2058 1675 2097 ς

287 2133 415 2174 versis
445 2133 516 2172 sed
545 2132 685 2180 ternis,
727 2131 857 2170 medio
886 2130 1099 2178 crassiore,
1133 2128 1356 2167 lateralibus
1384 2126 1628 2166 tenuioribus
1672 2129 1675 2155 ἓ

285 2214 414 2251 totum
443 2210 603 2261 cingens
632 2208 902 2260 sporangium,
947 2210 1014 2245 aut
1048 2207 1133 2245 fere
1169 2206 1340 2256 cingens.
1396 2204 1503 2243 Haec
1537 2215 1629 2255 spo-

286 2287 424 2339 rangia
459 2290 634 2338 gyrata
669 2285 844 2325 dixerim.
912 2284 1174 2336 Sporangium
1202 2282 1329 2333 ipsum
1357 2294 1379 2321 e
1404 2280 1628 2320 membrana

284 2364 517 2418 tenuissima
546 2363 738 2403 cellulosa
766 2366 919 2402 constat
946 2374 1086 2414 sporas
1114 2359 1370 2412 amplectente
1405 2358 1627 2397 innumeras

286 2442 554 2493 conglobatas.
609 2441 655 2479 In
682 2440 768 2479 aliis
796 2452 893 2480 vero
920 2438 1168 2490 (Alsophila)
1195 2442 1347 2489 partem
1379 2434 1624 2486 superiorem

285 2518 490 2571 sporangii
512 2520 663 2557 tantum
686 2517 853 2557 annulus
883 2516 1012 2567 cingit,
1041 2514 1205 2554 inferior
1231 2525 1327 2552 vero
1355 2524 1446 2563 pars
1474 2524 1495 2550 e
1523 2510 1628 2550 simi-

283 2595 386 2636 libus
414 2594 537 2648 septis
568 2599 721 2635 constat
750 2595 820 2634 sed
847 2592 1097 2644 longioribus
1126 2604 1149 2630 a
1176 2590 1262 2630 basi
1290 2589 1338 2629 ad
1366 2588 1536 2628 medium
1562 2599 1627 2627 us-
