1682 2938
889 129 970 172 122

358 239 520 279 Corolia
553 238 745 279 labiosa
781 253 804 278 a
839 241 990 281 corolla
1024 241 1168 293 labiata
1202 254 1283 281 non
1319 222 1464 291 differt,
1511 243 1587 282 nisi

251 317 358 368 quod
399 316 624 368 polypetala
665 320 732 356 aut
771 317 1004 369 hemipetala
1048 320 1109 359 sit.
1165 319 1205 358 N
1213 320 1416 359 ormalis
1461 321 1586 359 forma

249 397 308 433 est
335 393 375 432 in
403 393 589 433 Violariis
625 395 777 434 duobus
810 396 949 446 petalis
987 396 1256 448 superioribus
1289 396 1434 435 labium
1469 409 1585 447 supe-

248 471 346 521 rius,
402 471 554 510 duobus
589 472 729 523 petalis
766 473 901 512 mediis
943 487 1032 512 cum
1074 473 1207 512 infimo
1246 472 1392 513 labium
1422 474 1584 513 inferius

248 548 595 598 constituentibus,
638 549 692 588 ita
727 562 843 599 vero,
886 554 930 589 ut
965 551 1134 602 petalam
1169 550 1344 589 infimum
1372 550 1475 589 inter
1505 550 1583 589 duo

249 625 395 676 calycis
422 625 559 676 phylla
586 626 816 677 dependeat.
880 628 1043 667 Labium
1071 628 1237 667 inferius
1265 627 1421 678 pictura
1449 628 1585 678 digno-

247 703 380 742 scitur.
436 705 564 755 Quam
593 703 643 742 ob
673 716 757 742 rem
788 705 940 745 corolla
969 704 1293 756 Pelargoniorum
1329 709 1388 743 est
1417 717 1498 743 cor.
1528 703 1584 742 la-

246 780 357 819 biosa
405 780 608 820 inversa
646 793 735 819 nam
783 781 862 820 duo
901 781 1033 832 petala
1071 781 1278 833 superiora
1319 781 1473 832 pictura
1511 792 1584 818 no-

247 861 389 896 tantur.

352 988 548 1028 Anomala
575 990 703 1028 forma
733 989 783 1028 ob
812 989 1126 1041 anamorphosin‚
1156 989 1309 1029 corolla
1335 988 1485 1028 labiosa
1510 1000 1583 1025 co-

245 1066 474 1118 rydalina
503 1070 561 1104 est
589 1065 629 1103 in
657 1066 921 1105 Fumariaceis
955 1067 1206 1117 reperiunda,
1249 1066 1388 1118 petalis
1428 1065 1581 1103 duobus

244 1142 506 1182 exterioribus
548 1141 782 1192 majoribus,
833 1143 1030 1181 interdum
1074 1143 1267 1191 connatis,
1317 1142 1471 1193 singulo
1515 1144 1581 1179 aut

244 1225 416 1272 utroque
446 1219 662 1269 calcarato‚
709 1220 863 1258 duobus
900 1219 1154 1259 interioribus
1189 1219 1424 1267 minoribus,
1470 1217 1580 1268 apice

245 1296 546 1337 cohaerentibus
575 1300 614 1335 et
642 1296 800 1349 quidem
829 1310 905 1348 ope
932 1310 1124 1336 verrucae
1142 1296 1394 1348 glandulosae
1422 1307 1584 1333 succum

242 1374 434 1414 viscidum
470 1374 731 1421 secernentis,
775 1387 796 1413 e
834 1374 986 1413 duobus
1030 1374 1170 1425 petalis
1216 1373 1380 1413 coalitis.
1444 1371 1583 1422 Phylla

243 1451 390 1503 calycis
418 1451 498 1490 duo
526 1454 629 1499 sunt,
659 1463 748 1489 cum
775 1451 915 1502 petalis
946 1451 1206 1491 exterioribus
1230 1450 1477 1496 alternantia;
1506 1453 1579 1488 sta-

242 1528 348 1567 mina
375 1540 457 1575 seX,
485 1526 694 1567 filamentis
723 1527 763 1566 in
791 1528 888 1568 duas
916 1529 1128 1580 phalanges
1158 1528 1347 1577 connatis,
1375 1527 1512 1566 mediis
1541 1526 1582 1566 in

241 1605 394 1657 singula
419 1604 610 1656 phalange
638 1604 900 1644 exterioribus
935 1609 975 1645 et
1002 1606 1144 1656 petalis
1172 1605 1433 1645 exterioribus
1458 1617 1582 1655 oppo-

242 1682 345 1731 sitis,
384 1681 614 1721 lateralibus
650 1681 847 1721 interdum
877 1687 916 1722 et
944 1683 1100 1735 quidem
1134 1683 1175 1722 in
1203 1683 1384 1734 Dielytra
1411 1683 1495 1722 basi
1521 1695 1578 1721 se*

241 1759 388 1810 paratis
425 1763 464 1798 et
493 1772 582 1797 cum
610 1759 748 1810 petalis
777 1760 1029 1800 interioribus
1065 1759 1356 1799 alternantibus.
1413 1760 1484 1798 Est
1511 1759 1582 1798 ita-

243 1850 320 1889 que
349 1835 502 1875 corolla
530 1836 726 1875 cruciatae
756 1836 911 1885 similis,
954 1836 1088 1888 calyce
1117 1836 1363 1887 tetraphyllo,
1391 1836 1424 1874 si
1451 1835 1581 1886 petala

243 1915 322 1952 duo
353 1912 553 1952 exteriora
580 1913 630 1952 ad
658 1913 835 1965 calycem
863 1914 1007 1962 refers,
1035 1913 1262 1952 staminibus
1291 1913 1444 1951 duobus
1475 1916 1581 1950 exte-

242 1990 416 2029 rioribus
446 1990 593 2042 calycis
630 1991 773 2042 phyllis
808 1990 1061 2030 interioribus
1096 2003 1167 2030 seu
1200 1990 1338 2041 petalis
1375 1989 1581 2029 exteriori-

242 2067 315 2106 bus
344 2066 555 2118 oppositis,
585 2068 815 2108 staminibus
844 2067 1095 2107 interioribus
1124 2072 1293 2119 quatuor
1321 2080 1410 2106 cum
1438 2067 1580 2118 petalis

242 2148 413 2197 quatuor
439 2144 690 2184 interioribus
720 2158 819 2197 quae
847 2145 888 2184 in
915 2146 993 2184 duo
1020 2143 1197 2183 lateralia
1224 2143 1367 2183 coalita
1394 2148 1497 2191 sunt,
1527 2144 1582 2183 al-

242 2221 506 2270 ternantibuS‚
543 2226 682 2261 exacte
709 2227 754 2261 ut
781 2222 821 2261 in
849 2221 1063 2261 Cruciferis
1092 2220 1190 2272 (cfr.
1219 2221 1496 2260 Bernhardi
1525 2222 1580 2260 de

243 2298 585 2338 Fumariaceis
614 2299 830 2339 Linnaea
857 2298 895 2339 8.
923 2297 1048 2347 401.).
1107 2298 1262 2337 Auctor
1293 2298 1580 2349 separationem

244 2375 453 2415 staminum
491 2356 733 2435 exteriorum
769 2390 791 2416 a
824 2376 954 2415 medio
997 2388 1078 2415 non
1113 2375 1355 2424 observavit,
1399 2388 1499 2427 quae
1540 2375 1580 2414 in

243 2453 425 2504 Dielytra
451 2453 658 2493 manifesta
673 2459 751 2502 est3
780 2458 956 2493 ceterum
970 2453 1101 2504 petala
1125 2453 1203 2491 duo
1231 2451 1406 2491 lateralia
1433 2465 1454 2491 e
1484 2453 1581 2492 duo-

245 2529 317 2569 bus
362 2529 505 2569 coalita
548 2542 634 2569 esse
678 2544 759 2570 non
802 2529 929 2569 minus
965 2534 1101 2568 censet
1139 2534 1176 2568 et
1210 2529 1341 2580 petala
1383 2529 1580 2568 exteriora

245 2618 403 2659 quoque
449 2607 498 2645 ad
534 2606 708 2658 calycem
749 2588 888 2655 refert,
938 2606 1118 2659 calycem
1160 2618 1257 2645 vero
1304 2606 1354 2644 ad
1392 2606 1579 2645 bracteas.
