1682 2938
0 2165 15 2396 ῖ-Ξῑν....«;,».ιωΗΝ-ο
4 2143 9 2156 ..

889 99 974 143 328

366 211 412 252 In
439 209 579 264 Algis
606 211 880 253 Fucoideis
917 211 1085 252 cellulae
1114 211 1318 251 continent
1348 222 1514 251 massam
1542 224 1609 252 co-

257 288 431 328 loratum
474 289 708 342 plerumque
755 289 915 329 mbram
957 294 1026 329 aut
1066 290 1219 328 fuscam
1268 287 1396 327 rarius
1444 288 1608 329 viridem

260 365 518 417 generationi,
545 370 591 405 ut
613 365 782 416 videtur,
810 366 1103 406 inservientem.
1159 365 1371 404 Formatur
1397 377 1420 404 e
1449 364 1610 405 cellula-

260 455 350 481 rum
377 442 478 482 serie
507 442 640 492 theca,
670 456 769 495 quae
799 442 1054 483 fasciculatae
1081 441 1294 495 sporangia
1319 441 1422 481 intra
1448 441 1610 482 thallum

263 519 419 569 sistunt,
446 519 555 558 nulla
583 519 716 559 tunica
742 519 907 571 propria
924 519 1065 559 amicta
1093 519 1280 570 (Fucus).
1338 518 1515 559 Cellulae
1544 531 1612 558 ex-

263 595 383 635 timae
422 595 654 647 grandiores
692 609 774 635 non
808 609 900 636 raro
934 600 1135 648 separatae
1177 596 1363 636 decidunt
1397 599 1438 635 et
1472 608 1613 647 sporas
1645 633 1650 638 ,

266 673 437 712 formant
465 672 847 724 (Sphaerococcus).
901 672 1017 713 Alter
1044 674 1185 713 modus
1214 677 1293 722 est,
1328 672 1363 712 si
1389 684 1518 711 massa
1545 684 1613 712 co-

265 748 394 788 lorata
428 749 471 788 in
505 749 668 800 granula
694 753 900 800 separatur
935 753 974 789 et
1008 751 1099 790 hinc
1134 751 1225 791 inde
1261 754 1300 790 et
1334 750 1376 789 in
1403 748 1615 801 superficie

267 829 527 865 coacervatur
548 825 790 876 (Dictyota).
849 826 1007 866 Tertius
1034 840 1134 867 vero
1161 826 1302 866 modus
1329 825 1364 865 si
1389 838 1517 866 massa
1545 838 1614 865 co-

266 900 396 940 lorata
424 901 464 939 in
494 905 630 941 ternos
660 906 925 954 quaternosve
958 903 1139 942 cumulos
1167 906 1373 954 separatur
1397 906 1442 942 ut
1461 902 1502 942 in
1515 902 1613 941 Por-

267 978 405 1029 phyra.
441 978 543 1017 Sunt
572 993 731 1032 quoque
759 980 800 1019 in
815 980 1019 1031 permultis
1035 979 1247 1019 Fucoideis
1275 979 1340 1018 fila
1357 979 1490 1019 tenuia
1505 978 1615 1018 elon-

269 1061 377 1107 gata,
419 1070 519 1109 quae
548 1057 588 1095 in
616 1057 781 1108 granula
806 1061 891 1096 tota
925 1061 1071 1110 quanta
1098 1057 1350 1097 collabuntur
1376 1069 1467 1096 cum
1491 1054 1616 1095 thecis

270 1133 388 1172 simul
403 1134 665 1181 occurrentia,
692 1147 743 1173 an
771 1134 936 1185 granula
962 1134 1162 1174 mascula?
1189 1133 1281 1185 (cfr.
1298 1133 1413 1173 Abh.
1431 1133 1467 1172 d.
1484 1130 1615 1171 Berl.

269 1208 415 1249 Akad.
444 1211 480 1251 d.
508 1211 811 1250 Wissensch.
843 1211 869 1250 f.
894 1210 1012 1251 1833.
1038 1209 1229 1263 12:457.)
1259 1230 1312 1239 -—-
1353 1208 1617 1249 Germinatio-

269 1299 362 1326 nem
397 1288 499 1327 Fuci
526 1287 742 1328 vesiculosi
776 1287 883 1327 dedit
914 1288 963 1327 de
989 1288 1210 1329 Martius
1242 1286 1376 1338 (Act.
1405 1287 1548 1337 Leop.
1576 1284 1616 1324 9.

271 1363 399 1412 217.)
429 1388 481 1395 —-
526 1365 678 1404 Charae
715 1377 887 1416 gemmas
923 1368 962 1405 et
997 1377 1137 1418 sporas
1164 1365 1309 1404 habent
1349 1362 1400 1412 (s.
1427 1362 1616 1402 Erfahr.

272 1442 343 1481 iib.
374 1442 410 1481 d.
440 1441 643 1481 Keimen
674 1442 711 1481 d.
742 1442 955 1493 Chai-en,
980 1456 1019 1484 v.
1049 1442 1098 1482 G.
1125 1442 1172 1482 F.
1203 1440 1448 1482 Kaulfuss.
1482 1438 1616 1490 Leipz.

274 1517 406 1568 1825)
432 1531 508 1558 nec
535 1532 618 1558 non
637 1517 939 1570 Agardhium
968 1518 1104 1571 (Ann.
1133 1519 1170 1559 d.
1199 1531 1262 1558 sc.
1290 1520 1383 1558 nat.
1410 1515 1449 1556 4.
1479 1514 1618 1565 6.).-

272 1596 319 1634 ln
347 1596 519 1635 Zonaria
546 1608 686 1647 sporas
713 1595 812 1644 vidi,
841 1596 1049 1647 Spongilla
1075 1595 1285 1648 sporangia
1311 1595 1422 1635 Hor.
1454 1592 1617 1633 Berol.

273 1673 403 1711 Bonn.
439 1671 560 1718 1820„
596 1671 633 1711 1.
688 1672 735 1710 In
761 1672 1041 1712 Gorallinis
1080 1673 1162 1713 vidi
1199 1671 1409 1724 sporangia
1442 1671 1544 1710 male
1577 1670 1619 1710 in

275 1748 378 1788 Act.
408 1748 570 1788 Berol.
599 1761 623 1787 a
649 1748 916 1800 Lithographo
944 1749 1061 1788 icone
1090 1761 1295 1800 expressa,
1335 1747 1524 1787 meliores
1552 1747 1620 1786 da-

275 1826 335 1865 bit
362 1825 656 1877 Philippius.
675 1848 728 1854 —
747 1825 1093 1877 Ectocorpeae
1121 1824 1332 1877 sporangia
1358 1824 1502 1864 habent
1527 1836 1621 1875 spo-

276 1902 333 1943 ris
369 1916 450 1942 non
487 1901 691 1941 distinctis.
739 1924 792 1930 —
847 1903 1222 1942 Confervaceae
1256 1901 1314 1940 nil
1345 1901 1422 1940 nisi
1455 1900 1623 1953 granula.

278 1993 417 2032 sparsa
445 1980 669 2019 ostendunt.
698 2001 751 2010 —
793 1978 1101 2031 Conjugatae
1137 1990 1307 2018 massam
1336 1978 1552 2017 coloratam
1578 1977 1621 2016 in

278 2056 480 2109 globulos,
535 2055 709 2095 stellulas
741 2058 817 2095 etc.
853 2055 1046 2107 colligunt
1078 2059 1119 2095 et
1161 2055 1202 2094 in
1238 2054 1267 2094 S
1274 2054 1534 2106 pirogyris
1569 2066 1627 2097 ex*

278 2147 359 2173 uno
389 2133 458 2172 filo
487 2133 655 2172 alterum
685 2133 907 2188 effundunt,
959 2132 1244 2172 Vaucherio
1278 2131 1448 2183 primum
1486 2131 1623 2171 obser-

277 2213 395 2250 vante
433 2210 502 2261 qui
538 2222 695 2261 quoque
731 2209 920 2249 massulas
947 2210 1130 2263 utrinque
1166 2208 1367 2260 elongatas
1402 2207 1623 2259 germinare

282 2287 377 2326 vidit
404 2286 544 2335 (Hist.
574 2287 906 2326 d.Conferves
936 2285 1080 2325 d’eau
1107 2286 1274 2325 douce.
1305 2280 1621 2333 Genev.1809.).

282 2387 334 2392 —
363 2364 409 2403 In
430 2364 878 2414 Batrachospermo
908 2366 946 2401 et
972 2362 1152 2401 affinibus
1180 2361 1323 2401 thallus
1351 2373 1529 2401 ramosus
1557 2372 1621 2399 ar-

280 2440 466 2480 ticulatus
480 2441 581 2479 intra
603 2440 812 2491 gelatinam
835 2440 1060 2478 membrana
1083 2439 1274 2478 inclusam
1295 2438 1521 2478 reconditus
1546 2441 1617 2476 est.

278 2518 476 2557 Miracula
503 2530 703 2569 aquarum.
733 2538 784 2546 —
826 2517 1099 2580 Diatomaceas
1134 2516 1323 2567 plurimas
1356 2515 1404 2555 ad
1439 2512 1620 2555 animalia

283 2595 510 2635 referendas
540 2606 625 2634 esse
654 2593 883 2634 monstravit
912 2593 1282 2643 Ehrenbergius.
