1682 2938
929 137 1011 178 250

414 244 457 281 In
478 242 724 283 Amentaeeis
755 245 1060 297 integumentum
1090 249 1259 287 fructum
1289 249 1369 287 basi
1398 251 1636 301 amplectens

306 324 394 370 post
428 320 717 359 florescentium
762 323 975 372 enascitur,
1022 325 1127 376 quod
1177 339 1267 376 cup
1279 326 1402 364 ulam
1437 340 1634 366 vocamus.

307 397 378 435 Est
404 397 676 447 gynophorum
706 411 793 436 cum
820 399 986 438 bracteis
1003 413 1235 439 excrescens
1261 403 1364 452 quod
1395 403 1432 440 in
1461 402 1542 441 basi
1572 417 1636 441 cu·

306 473 421 524 pulae
442 472 589 523 Coryli,
618 475 847 523 praesertim
876 489 972 515 vero
1003 477 1041 514 in
1071 478 1214 527 cupula
1237 481 1415 529 Quercus
1437 479 1636 530 Aegilopis

307 550 490 588 cernitur.
546 550 720 588 Indolem
762 551 908 602 calycis
950 551 1192 604 monophylli
1235 554 1349 593 habet
1395 556 1434 593 in
1469 557 1636 606 Corylo;

307 640 328 665 e
357 626 524 665 bracteis
551 626 755 677 permultis
785 633 954 676 constat,
998 629 1140 669 intimis
1174 631 1435 681 piliformibus
1465 638 1503 671 ct
1525 634 1638 682 juxta

306 703 443 754 positis
477 707 520 742 ut
555 704 815 742 membranam
859 705 998 744 sistant
1033 706 1071 744 in
1112 711 1282 758 Quercu.
1350 709 1394 747 In
1439 710 1637 758 Castanea,

307 781 413 830 Fago
444 787 515 818 etc.
544 780 710 818 formam
738 779 947 831 pericarpii
976 782 1109 821 induit.
1145 807 1197 812 -—
1241 785 1394 835 Cupula
1422 785 1520 824 Taxi
1550 787 1636 825 bac-

307 861 391 895 cata
420 862 478 895 cst
505 857 777 906 gynophorum
806 870 878 907 per
906 870 948 895 se
978 871 1211 898 excrescens
1239 861 1385 912 absque
1416 863 1592 901 bracteis.

412 933 603 971 Bracteae
641 945 711 970 seu
745 932 880 982 paleae
919 947 1078 984 germen
1107 936 1349 976 includentes
1377 939 1636 990 periearpium

305 1009 479 1061 spurium
508 1009 546 1046 in
570 1008 756 1046 Othonna
783 1009 979 1058 pectinata
1007 1011 1169 1063 aliisque
1192 1013 1429 1064 Syngenesis
1458 1016 1637 1054 formant.

415 1084 703 1136 Gynophorum
733 1097 968 1125 excrescens
998 1088 1231 1127 alveolatum
1261 1090 1408 1129 semina
1435 1092 1571 1130 fovens
1600 1093 1636 1130 in

307 1163 517 1202 Nelumbio
546 1162 788 1201 observatur.
845 1163 971 1214 Calyx
999 1165 1183 1204 baccatus
1212 1166 1251 1204 in
1279 1166 1384 1205 Blito
1414 1168 1543 1216 adest,
1571 1170 1638 1220 hy-

306 1240 507 1291 panthium
534 1239 736 1278 baccatum
767 1239 806 1278 in
821 1240 936 1279 Rosa.
973 1241 1157 1281 Corollae
1186 1243 1287 1282 basis
1316 1243 1355 1282 in
1370 1244 1541 1282 Mirabili
1569 1260 1637 1284 nu-

307 1330 391 1355 cem
421 1317 573 1355 format.

415 1394 584 1432 Fructus
619 1393 921 1444 compositus
957 1408 979 1433 e
1013 1395 1253 1446 germinibus
1287 1397 1457 1447 plurium
1499 1399 1639 1437 florum

310 1470 537 1510 coadunatis
566 1470 703 1509 oritur.
740 1470 912 1510 Fructus
940 1471 1063 1523 spurii
1079 1472 1262 1512 recensiti
1275 1474 1414 1524 partim
1431 1476 1639 1526 compositi

308 1553 409 1596 sunt,
440 1548 497 1587 uti
525 1546 701 1598 galbulus
731 1551 803 1586 etc.

312 1702 416 1747 147.
499 1702 914 1762 Pericarpium
956 1706 1031 1746 est
1071 1718 1190 1763 pars
1242 1701 1454 1763 fructuS,
1515 1721 1640 1769 quae

503 1789 690 1834 semina
714 1785 928 1852 undique
957 1785 1169 1834 includit.

417 1903 630 1954 Pericarpii
657 1916 800 1942 nomen
821 1903 1042 1955 antiquum3
1071 1904 1194 1942 utitur
1221 1918 1269 1943 eo
1298 1909 1336 1944 et
1362 1905 1461 1943 bene
1479 1906 1638 1945 definito

311 1982 418 2021 Adr.
437 1980 688 2032 Spigelius
712 1981 937 2031 (Isagoge
965 1979 1013 2019 in
1041 1994 1136 2020 rem
1165 1982 1449 2030 herbariam,
1478 1982 1639 2021 Helmst.

313 2059 429 2098 1667.
460 2071 493 2096 c.
525 2057 619 2106 13.)

419 2135 684 2185 Pericarpium
721 2139 786 2172 aut
814 2135 1098 2174 universale
1135 2140 1194 2174 est
1222 2141 1289 2175 aut
1315 2137 1538 2187 partiale.
1594 2138 1641 2176 ll—

312 2214 382 2253 lud
411 2213 449 2251 in
478 2212 677 2263 plerisque
704 2211 879 2250 occurrit
906 2212 1061 2262 plantis,
1089 2213 1165 2251 hoc
1194 2212 1234 2251 in
1262 2213 1348 2261 illis,
1377 2214 1443 2265 qui
1472 2215 1640 2253 fructum

314 2289 568 2341 multiplicem
593 2289 736 2328 habent
764 2293 802 2327 et
833 2293 890 2328 est
917 2289 1177 2340 pericarpium
1202 2290 1375 2340 carpelli.
1431 2291 1644 2342 Utrumque
1666 2310 1680 2314 -

316 2366 525 2419 pericarpii
562 2365 720 2404 nomine
758 2365 874 2405 venit.
963 2366 1100 2405 Varias
1144 2367 1451 2418 pericarpiorum
1491 2367 1641 2418 species

316 2434 576 2483 distinxerunt
610 2443 800 2483 Botanici.
862 2443 960 2482 Cum
997 2444 1146 2484 fructus
1189 2445 1414 2495 frequenter
1455 2444 1493 2483 in
1529 2458 1641 2483 usum

318 2521 514 2560 hominum
543 2524 745 2558 vertantur
779 2520 884 2558 varia
920 2520 1078 2559 nomina
1114 2520 1171 2558 his.
1210 2520 1393 2571 imposuit
1421 2522 1641 2573 antiquitas,

318 2598 439 2643 nucis,
469 2597 621 2645 baccae,
650 2597 864 2647 leguminis,
892 2597 1066 2648 siliquae,
1095 2597 1200 2647 pomi
1219 2597 1356 2647 quibus
1374 2599 1644 2648 conceptaculi
