1682 2938
923 117 1007 161 334

292 225 528 267 monstravit
555 224 870 277 Saussurius,
906 241 1008 281 quae
1035 242 1125 269 cum
1154 231 1397 282 experientia
1424 235 1532 272 certe
1561 244 1631 284 op-

291 304 387 344 time
421 303 683 344 consentiunt.
740 307 943 358 Quaenam
971 307 1088 346 dubia
1115 308 1222 347 humi
1250 308 1513 362 cognitionem
1543 310 1632 349 che-

292 381 434 421 micam
463 381 686 431 obscurent,
712 383 897 434 exposuit
925 385 968 423 C.
993 384 1040 424 G.
1059 385 1312 425 Gmelinus
1339 385 1554 435 (Einleit.
1583 388 1632 427 in

291 458 371 498 die
399 458 608 498 Chemie.
637 459 800 512 Tiibing.
830 460 949 501 1837.
978 461 1016 501 2.
1046 460 1198 513 1807.)

399 535 509 575 Alias
535 548 633 576 vero
660 537 843 577 materias
862 538 1042 590 aplantis
1071 539 1217 579 hauriri
1244 540 1283 579 in
1311 540 1399 580 solo
1428 540 1633 592 reperiun-
1674 555 1676 590 ς

293 613 362 653 das
390 612 684 652 Saussurius
712 614 895 665 probavit
931 615 1024 665 (Re
1037 616 1102 655 ch.
1132 616 1197 655 ch.
1226 616 1293 666 9.)
1328 618 1400 656 sed
1427 617 1630 669 religendo
1674 611 1677 652 ἓ

292 696 332 730 et
358 689 606 730 excludendo
632 690 924 742 Daubenyus
950 692 1056 731 addit
1089 692 1284 741 (Edinb.
1312 694 1430 734 Phil.
1459 695 1629 734 Journ.

291 766 356 808 19.
387 766 512 816 164).
573 766 643 806 Sal
679 767 856 807 culinare
889 768 1139 818 (Chloretum
1166 769 1315 821 Natrii)
1348 785 1372 810 a
1397 772 1541 823 plantis
1575 775 1632 812 at-

291 844 411 893 trahi,
440 857 540 896 quae
570 843 660 883 inde
691 844 947 884 succulentae
974 845 1080 895 fiant,
1110 860 1131 886 e
1159 847 1302 898 plantis
1327 849 1531 889 maritimis
1560 862 1632 889 no-

291 922 483 962 tissimum
511 923 583 960 est.

401 997 602 1037 Thaerii
645 997 740 1038 olim
778 998 905 1038 nostri
948 998 1104 1051 scriptis
1143 1005 1298 1041 constat
1332 1015 1469 1053 agrum
1503 1003 1632 1042 minus

291 1075 501 1125 exhauriri,
530 1075 565 1114 si
591 1075 750 1128 plantae
779 1089 879 1128 quae
907 1081 999 1115 ante
1027 1075 1178 1116 semina
1204 1091 1279 1129 pro
1308 1079 1454 1130 pabulo
1483 1084 1633 1120 metuu-

287 1159 353 1194 tur
377 1152 598 1193 alternatim
627 1166 716 1192 cum
745 1152 792 1192 iis
820 1157 1015 1202 seruntur,
1042 1166 1207 1206 quarum
1235 1156 1448 1196 seminibus
1476 1156 1634 1208 utimur,

288 1245 407 1285 quam
435 1231 469 1271 si
496 1230 707 1283 quotannis
735 1229 895 1282 plantae
924 1231 974 1270 ob
997 1231 1148 1270 semina
1165 1232 1294 1272 cultae
1310 1233 1351 1272 in
1369 1234 1509 1275 eodem
1537 1248 1634 1287 agro
1674 1228 1676 1267 ἶ

289 1313 486 1349 seruntur.
516 1328 568 1337 —
599 1310 710 1360 Quae
738 1308 984 1348 Macarius
1013 1309 1222 1361 Princep
1251 1309 1323 1349 hac
1352 1311 1400 1351 de
1427 1325 1471 1352 re
1501 1313 1634 1353 obser·
1673 1324 1676 1371 ξ

289 1387 416 1436 vavit,
443 1398 565 1438 supra
591 1382 628 1439 §.
645 1385 712 1426 90.
743 1385 924 1426 indicata.
981 1386 1061 1426 Sed
1089 1390 1300 1440 utrumque
1327 1387 1462 1429 locum
1489 1389 1634 1430 habere
1672 1389 1675 1419 ἕ

290 1468 434 1517 potest.

401 1541 507 1594 Quid
539 1540 687 1580 stimuli
722 1540 763 1580 in
790 1540 945 1592 plantas
974 1541 1147 1581 efficiant
1181 1542 1297 1594 hujus
1323 1542 1405 1582 loci
1431 1543 1526 1583 mihi
1553 1556 1635 1583 non

289 1618 447 1659 videtur
475 1630 677 1670 exponere
705 1618 776 1657 sed
805 1618 855 1657 ad
893 1617 1112 1658 doctrinam
1153 1619 1203 1659 de
1231 1619 1386 1659 cultura
1412 1620 1635 1672 plantarum

290 1694 643 1747 Phytotechnicam
683 1694 766 1733 dixi
800 1695 1012 1746 pertinere.
1081 1695 1163 1736 cfr.
1200 1710 1300 1750 quae
1333 1697 1393 1737 his
1428 1699 1478 1738 de
1514 1698 1635 1738 rebus
1672 1691 1676 1731 ’ἑ

293 1773 331 1812 G
342 1785 396 1812 oe
404 1786 430 1824 p
441 1785 466 1824 p
477 1785 498 1811 e
508 1776 611 1811 rtus
639 1772 799 1824 scripsit
814 1772 951 1811 harum
980 1785 1112 1812 rerum
1140 1777 1278 1813 acutus
1296 1774 1514 1827 indagator.
1552 1776 1638 1815 Pri·
1669 1785 1674 1809 ἰ

290 1863 379 1890 mus
408 1849 584 1889 theoriae
619 1849 872 1890 fundamenta
901 1849 1001 1900 jecit
1027 1850 1372 1891 Humboldtius
1405 1852 1446 1892 in
1479 1851 1636 1905 Apho-
1672 1869 1674 1898 ξ

292 1927 456 1968 rismis
484 1939 604 1979 saepe
633 1926 775 1967 citatis.
1457 1913 1475 1933 Ι

401 2004 559 2044 Plantas
594 2004 803 2044 resorbere
840 2010 880 2046 et
921 2006 1096 2059 quidem,
1152 2004 1187 2044 si
1219 2003 1296 2044 alia
1329 2004 1514 2046 alimenta
1542 2007 1637 2047 defi·

291 2083 419 2132 ciunt,
458 2082 740 2134 experimentis
773 2083 946 2135 probare
980 2081 1114 2122 studui
1150 2083 1442 2133 (Verhandl.
1476 2083 1514 2124 d.
1551 2084 1639 2124 Ge-
1670 2101 1672 2111 J

291 2160 491 2200 sellsch.
522 2161 696 2200 naturf.
728 2161 970 2201 Freunde.
999 2159 1034 2200 1.
1061 2159 1188 2209 390.)

401 2234 628 2277 Nutritione
654 2239 880 2278 membrana
891 2238 1115 2291 plantarum
1141 2239 1333 2277 formatur
1360 2237 1550 2289 singulari
1576 2250 1641 2291 arf
1669 2233 1672 2288 J

293 2314 414 2354 tificio
441 2327 546 2353 nunc
574 2315 788 2367 incognite,
817 2316 1050 2366 praesertim
1078 2329 1168 2356 cum
1182 2319 1361 2355 naturam
1374 2315 1490 2366 hujus
1517 2328 1638 2354 mem-
1666 2314 1671 2365 ἶ

294 2393 439 2443 branae
467 2392 585 2444 plane
613 2393 851 2443 ignoramus.
