1682 2938
923 123 1008 165 342

298 245 389 274 nem
416 230 684 272 insensibilem
712 233 753 272 in
780 233 924 285 plantis
952 233 1039 274 fieri
1066 234 1346 286 experimentis
1360 236 1543 288 probavit
1557 238 1643 278 Ha-

298 309 477 359 lesius,
514 313 653 362 postea
686 322 784 350 vero
822 310 1092 362 experimenta
1118 312 1240 363 magis
1267 317 1450 353 accurata
1477 313 1646 355 instituit

299 386 604 427 Senebierus
632 386 868 438 (Physiol.
898 383 1054 439 veget.
1077 387 1115 428 4.
1140 387 1229 438 58.)
1259 390 1324 442 qui
1353 402 1511 444 quoque
1538 391 1645 442 vidit,

299 476 442 518 aquam
467 463 748 516 evaporatione
777 468 970 504 secretam
998 465 1157 505 minime
1185 479 1326 518 puram
1355 479 1455 516 esse,
1481 467 1553 507 sed
1578 481 1645 508 va-

298 540 367 581 riis
394 540 569 582 materiis
592 540 871 592 vegetabilium
899 541 1152 595 inquinatam.

407 617 442 659 E
469 617 658 658 foliorum
684 617 796 669 apice
815 630 956 670 aquam
982 619 1138 659 secerni
1166 623 1205 659 et
1232 619 1390 671 quidem
1418 623 1479 659 sat
1503 633 1644 671 puram

298 694 610 745 Bjerkander
636 694 837 733 adnotavit
864 695 997 745 (Vet.
1018 695 1242 736 Academ.
1267 695 1509 747 Handlingar
1525 695 1644 739 1773.

301 771 339 812 1.
371 770 470 821 71.).
528 773 630 811 Tum
665 770 714 810 ab
749 769 835 810 aliis
870 784 1029 825 quoque
1065 772 1315 812 observatum
1353 777 1412 812 est
1439 773 1480 813 in
1507 773 1645 826 primis

302 847 582 888 Trevirano
616 847 890 897 (Zeitschr.
920 848 947 888 f.
975 848 1192 900 Physio'l.
1220 849 1259 890 3.
1290 847 1395 898 72.)-

302 977 410 1026 150.
477 978 518 1024 C
530 976 628 1025 alo
639 995 666 1025 r
698 981 785 1025 vit
797 976 853 1026 al
864 980 914 1026 is
946 980 996 1025 in
1029 983 1134 1026 tota
1163 976 1335 1042 planta
1365 996 1464 1027 non
1498 983 1648 1029 extri-

498 1070 640 1113 catur
668 1064 911 1114 interdum
943 1084 1060 1115 vero
1091 1069 1141 1114 in
1169 1064 1396 1130 partibus
1427 1066 1647 1131 singula-

495 1151 648 1202 ribus,
722 1155 895 1202 Pauca
937 1152 1297 1219 Vegetabilium
1338 1172 1371 1220 p
1381 1154 1412 1202 h
1427 1172 1457 1202 o
1471 1172 1495 1203 s
1505 1172 1538 1220 p
1553 1154 1583 1202 h
1595 1171 1649 1203 0-

495 1243 550 1290 ri
563 1260 588 1289 c
598 1260 628 1289 a
658 1244 813 1290 nitent
845 1240 970 1290 luce.

410 1363 594 1403 Calorem
637 1363 844 1415 proprium
884 1364 1027 1415 plantis
1073 1364 1314 1412 tribuerunt,
1369 1364 1406 1403 J.
1448 1364 1650 1414 Hunter‚

306 1440 541 1491 Schoepf,
598 1440 812 1490 Salome,
873 1441 1221 1481 Hermbstaedt
1262 1440 1417 1493 aliique.
1486 1440 1542 1480 At
1584 1455 1652 1481 ex-

300 1518 521 1570 perimenta
549 1521 587 1557 et
615 1517 914 1557 observationes
938 1518 1116 1558 virorum
1144 1519 1355 1558 doctorum
1390 1518 1505 1568 hujus
1545 1518 1650 1558 calo-

302 1593 357 1633 ris
393 1594 640 1634 existentiam
677 1594 837 1634 minime
873 1595 1046 1646 probare
1079 1595 1284 1647 ingeniose
1329 1595 1513 1646 exposuit
1546 1594 1653 1635 Nau

302 1670 503 1721 (Annal.
541 1673 577 1712 d.
616 1673 942 1710 Wetterauer
971 1672 1248 1712 Gesellsch.
1278 1672 1315 1712 1.
1343 1671 1443 1720 27.)
1501 1672 1561 1710 De
1590 1685 1654 1711 ca-

301 1748 388 1789 lore
417 1748 707 1799 Vegetabilium
740 1749 857 1787 docte
893 1753 932 1787 et
965 1748 1165 1800 ingeniose
1204 1750 1375 1800 disputat
1404 1749 1537 1800 Goep
1549 1763 1573 1799 p
1586 1762 1654 1788 er-

303 1830 378 1867 tus
406 1826 537 1876 (Ueb.
556 1825 592 1863 d.
609 1825 1088 1866 W'armeentwickel.
1119 1826 1167 1866 in
1195 1826 1230 1865 d.
1250 1826 1339 1864 Pfl.
1354 1825 1479 1864 Bresl.
1498 1824 1652 1874 1830.)

411 1903 456 1942 In
486 1902 650 1943 fioribus
689 1901 919 1954 quibusdam
956 1902 1067 1942 calor
1102 1906 1161 1942 sat
1190 1902 1305 1942 fortis
1334 1901 1512 1941 sentitur.
1570 1902 1653 1941 Pri-

305 1993 392 2019 mus
423 1980 616 2030 ejusmodi
641 1979 958 2019 observationem
978 1979 1072 2018 fecit
1089 1979 1293 2019 Lamark
1321 1979 1651 2031 (Encyloped.

304 2057 516 2098 method.
542 2056 646 2096 Art.
667 2056 815 2096 Aron·
846 2055 1080 2106 d’ltalie).
1115 2055 1235 2097 Multi
1250 2055 1316 2095 alii
1335 2056 1383 2095 de
1411 2056 1484 2095 hac
1511 2068 1556 2095 re
1585 2069 1652 2095 ex-

304 2133 526 2184 perimenta
577 2134 831 2174 instituerunt
881 2134 997 2173 etiam
1053 2134 1235 2185 negativa
1283 2134 1352 2173 cfr.
1397 2132 1467 2172 Go
1479 2135 1655 2184 eppert

306 2209 353 2260 (l.
384 2223 415 2248 c.
442 2210 568 2259 177.)
622 2211 796 2263 Nuperis
825 2211 1168 2251 observationibus
1197 2210 1367 2250 evictum
1396 2213 1454 2249 est
1484 2209 1656 2251 calorem

305 2286 346 2325 in
375 2288 512 2338 spatha
540 2288 773 2328 Colocasiae
813 2289 961 2328 odorae
997 2288 1134 2343 utique
1172 2287 1359 2327 extricari
1396 2286 1475 2327 Ad.
1503 2288 1537 2326 B
1549 2300 1656 2326 ron-

308 2365 752 2415 gnartus.(N.Ann.
782 2366 818 2406 d.
845 2366 970 2406 Mus.
998 2364 1036 2405 3.
1066 2364 1181 2413 145.)
1208 2378 1283 2404 nec
1310 2377 1391 2404 non
1407 2364 1584 2404 Vrolik
1615 2368 1655 2404 et

307 2442 362 2481 de
390 2442 570 2482 Vriese
599 2442 745 2492 (Ann.
775 2442 812 2483 d.
843 2455 907 2482 sc·
936 2446 1028 2482 nat.
1057 2442 1104 2482 11.
1133 2441 1171 2481 5.
1201 2439 1325 2489 134).
1363 2441 1414 2481 Et
1440 2454 1547 2481 nunc
1573 2454 1654 2481 non

307 2518 445 2558 dubito
474 2519 650 2560 calorem
688 2521 840 2560 huncce
877 2519 974 2560 oriri
1003 2532 1025 2559 e
1052 2518 1266 2571 vaporibus
1301 2517 1381 2557 olei
1415 2518 1587 2558 aetherei
1613 2518 1668 2559 in.

308 2607 519 2650 oxygeneo
549 2598 651 2640 aeris
673 2595 976 2651 atmosphaerici
995 2595 1219 2647 combustis,
1247 2608 1339 2637 nam
1368 2594 1510 2638 fortem
1537 2607 1667 2649 saepe·-
