1592 2924
857 114 883 140 X

202 205 355 245 Natura
383 207 513 247 omnia
539 208 809 259 phaenomena
835 210 938 249 inter
965 222 1008 251 se
1039 212 1093 252 ita
1122 215 1334 264 conjuncta
1364 220 1465 264 sunt,
1495 224 1537 256 ut

204 283 407 335 quodlibet
441 284 603 337 reliquis
639 290 880 338 anteponere
926 292 964 327 et
997 289 1087 329 inde
1122 290 1305 342 Systema
1340 294 1536 333 conficere

200 360 339 411 possis.
395 360 449 401 At
477 362 776 414 phaenomenon
804 365 1093 406 fundamentale
1122 368 1162 406 in
1190 369 1435 420 Raspailii
1464 371 1538 422 Sy-

202 441 364 477 stemate
392 439 485 478 mihi
513 439 615 479 male
645 440 882 492 explicatum
909 442 1080 482 videtur!

308 614 668 654 Dutrochetius
696 617 889 667 opuscula
917 631 1017 670 quae
1036 622 1150 658 antea
1167 619 1341 660 ediderat
1369 621 1536 660 collecta

200 694 239 729 et
273 694 387 730 aucta
421 691 562 731 iterum
598 691 718 732 edidit
743 694 814 733 sub
849 695 979 735 titulo:
1021 691 1239 745 Memoires
1274 712 1377 749 pour
1411 699 1536 738 servir

200 763 223 805 a
249 766 440 807 l⁷histoire
475 769 725 822 anatomique
764 775 802 811 et
828 772 1128 824 physiologique
1166 774 1235 813 des
1272 771 1466 826 vegetaux
1496 780 1535 815 et

198 845 267 884 des
297 845 490 886 animauX.
540 848 650 887 Paris
680 847 797 889 1837.
855 850 899 888 T.
917 848 951 888 1.
984 854 1024 889 et
1050 851 1096 890 II.
1155 851 1297 890 Omnia
1325 852 1364 890 in
1392 851 1535 902 plantis

197 922 425 962 mechanico
453 923 540 963 fieri
566 925 686 964 modo
713 926 898 974 affirmat,
938 930 977 965 et
1006 940 1056 966 ex
1084 928 1160 966 hoc
1187 927 1382 979 principio
1413 928 1536 979 expli-

196 1012 288 1038 care
316 1001 459 1039 studet.
513 1000 657 1040 Videat
672 1001 834 1051 Auctor,
864 1008 1052 1055 quantum
1080 1005 1156 1043 hoc
1184 1006 1302 1044 modo
1332 1005 1372 1044 in
1389 1006 1536 1056 Phyto-

194 1075 301 1127 logia
328 1076 516 1127 progredi
541 1076 676 1127 liceat,
714 1079 895 1131 equidem
930 1080 1058 1131 ipsum
1094 1082 1207 1133 sequi
1236 1087 1275 1121 et
1309 1095 1465 1134 nequeo
1496 1087 1535 1121 et

193 1152 299 1201 nolo,
328 1153 520 1205 Equidem
547 1159 698 1193 motum
726 1156 994 1196 mechanicum
1024 1171 1158 1197 casum
1186 1159 1423 1209 singularem
1453 1172 1534 1198 mo-

195 1233 258 1269 tus
286 1230 482 1282 generalis
509 1235 623 1282 puto,
653 1233 720 1285 qui
747 1246 822 1284 pro
850 1234 1019 1274 maxima
1045 1239 1156 1287 parte
1186 1235 1312 1275 vitalis
1341 1240 1410 1275 est.

300 1417 538 1468 Meyenus
582 1430 682 1470 opus
721 1418 904 1458 eximium
940 1420 988 1459 de
1024 1420 1275 1472 physiologia
1311 1421 1533 1472 plantarum

192 1493 391 1533 inchoavit
416 1495 487 1533 sub
516 1494 648 1534 titulo:
675 1495 811 1535 Neues
835 1496 994 1547 System
1022 1498 1093 1536 der
1123 1497 1532 1548 Pflanzen-Physiolo-

193 1570 267 1622 gie.
303 1571 439 1611 Berlin
462 1571 580 1612 1837.
608 1572 649 1611 in
677 1586 756 1625 quo
784 1574 907 1612 multa
935 1578 974 1613 et
1002 1578 1114 1614 acute
1144 1579 1184 1614 et
1211 1578 1396 1614 accurate
1426 1574 1531 1613 diota

193 1652 295 1687 sunt.
331 1650 414 1687 Cur
426 1662 523 1688 vero
538 1648 739 1689 Amicus
769 1651 1113 1691 aestumatissimus
1136 1652 1383 1703 hypothesin,
1412 1664 1531 1690 mem-

191 1725 366 1768 branam.
381 1725 613 1766 cellularum
642 1740 663 1766 e
691 1728 798 1767 fibris
826 1728 1034 1779 spiralibus
1056 1734 1251 1778 constare,
1281 1728 1392 1780 operi
1419 1741 1531 1779 prae-

191 1803 287 1842 fixit.
344 1803 446 1842 Nam
476 1804 622 1853 omnia,
659 1818 760 1856 quae
788 1805 986 1853 videmus,
1014 1806 1071 1844 nil
1097 1807 1283 1857 produnt,
1311 1805 1386 1844 nisi
1412 1806 1538 1844 fibras.

188 1880 283 1920 istas
318 1881 553 1920 membranis
588 1882 813 1933 saepissime
846 1882 996 1922 innatas
1034 1895 1131 1922 esse.
1188 1883 1428 1922 Inverterem
1462 1883 1532 1933 hy-

188 1958 390 2008 pothesin,
430 1959 570 1997 eodem
599 1960 690 2009 jure
721 1963 759 1998 et
787 1959 951 1998 dixerim
979 1959 1097 1999 fibras
1134 1959 1296 2010 spirales
1326 1972 1347 1997 e
1376 1959 1530 1998 cellulis

188 2035 320 2085 parvis
349 2047 420 2074 seu
447 2035 629 2074 vesiculis
654 2040 848 2084 constare,
877 2040 915 2075 et
940 2036 1057 2075 fibras
1085 2036 1248 2087 spirales
1277 2035 1317 2074 in
1341 2036 1444 2075 vasis
1473 2036 1530 2074 sic

189 2111 302 2150 dictis
330 2111 486 2162 porosis
515 2113 563 2151 ad
589 2113 784 2152 vesiculas
812 2113 953 2161 redire,
982 2126 1077 2165 quas
1096 2113 1136 2152 in
1163 2113 1268 2152 linea
1296 2111 1432 2163 spirali
1459 2125 1530 2163 po-

189 2187 284 2226 sitas
314 2199 402 2226 esse
425 2189 507 2238 jam
537 2190 684 2228 dudum
710 2190 893 2229 viderunt
921 2203 1057 2230 omnes
1084 2189 1320 2241 Phytotomi.
1376 2189 1421 2227 In
1449 2190 1529 2240 epi-

189 2263 329 2312 thelio,
359 2265 465 2317 quod
494 2266 590 2315 dixi,
620 2268 827 2316 seminum,
860 2268 908 2307 de
937 2280 1016 2320 quo
1045 2266 1277 2306 novissimas
1305 2266 1430 2305 habeo
1461 2267 1528 2305 ob-

189 2345 445 2390 servationes,
473 2341 553 2381 vidi
582 2343 642 2394 (in
659 2344 807 2393 Salvia)
835 2345 951 2384 fibras
979 2344 1145 2395 spirales
1174 2344 1214 2382 in
1242 2347 1345 2382 statu
1366 2341 1526 2392 juniore

190 2418 427 2468 deficienteS,
453 2419 495 2458 'in
524 2424 625 2459 statu
653 2421 787 2460 adulto
816 2423 971 2461 demum
999 2422 1162 2469 innatas,
1196 2420 1237 2458 in
1253 2424 1356 2459 statu
1373 2407 1536 2458 maturo

190 2509 287 2534 vero
325 2495 364 2534 in
399 2496 515 2535 fibras
544 2508 565 2535 e
593 2497 776 2536 vesiculis
803 2499 1043 2549 compositas
1078 2498 1256 2548 dilapsas.
1311 2497 1362 2534 Et
1396 2496 1528 2547 physi-

192 2586 262 2613 cae
290 2573 383 2612 mihi
412 2579 542 2613 essent
571 2574 761 2621 rationes,
803 2588 902 2626 quae
939 2581 1128 2627 quantum
1162 2573 1296 2621 video,
1339 2573 1396 2612 illi
1433 2573 1525 2612 defi-
