1682 2938
921 127 1002 168 270

294 235 428 284 variis,
474 235 783 278 Ranunculaceis
820 241 860 275 et
895 237 1084 277 Rosaceis
1121 237 1352 290 quibusdam
1387 238 1547 286 accidit,
1588 239 1627 277 in

295 312 434 364 quibus
463 313 510 351 ad
540 312 786 351 characteres
814 314 1021 363 genericos
1049 316 1231 366 pertinet.
1267 315 1500 366 Hujusmodi
1518 319 1626 354 sunt:

295 389 447 428 cauda
475 402 544 428 seu
574 389 841 428 excrescentia
855 391 996 430 flexilis
1014 392 1053 431 in
1071 391 1283 440 Pulsatilla,
1314 391 1380 430 aut
1407 395 1626 430 rostrum

295 465 564 505 excrescentia
591 465 716 516 rigida
745 466 784 503 in
813 466 959 518 Sinapi.

400 597 567 637 Tertia
609 598 817 637 mutatio
869 603 929 637 est
974 598 1302 637 dehiscentia.
1375 599 1541 649 Semper
1584 598 1627 637 fit

291 672 552 712 exsiccatione
581 674 620 713 in
649 679 836 714 contextu
866 674 1058 713 celluloso
1086 679 1124 714 et
1153 675 1309 727 quidem
1334 675 1478 726 duplici
1495 676 1624 715 modo.

290 748 369 788 Aut
394 749 559 789 cellulae
588 751 640 789 ibi
667 751 840 790 minores
868 755 968 799 sunt,
997 764 1042 789 ac
1073 751 1112 789 in
1130 751 1228 791 locis
1243 752 1390 801 vicinIS,
1419 757 1485 791 aut
1503 757 1626 791 trans—

290 826 434 865 versim
462 827 622 877 positae.
677 828 780 866 Illud
808 827 1037 879 plerumque
1065 827 1197 867 locum
1225 829 1340 868 habet
1367 828 1406 867 in
1423 829 1625 868 dehiscen-

290 902 344 941 tia
371 902 655 953 longitudinali‚
684 906 759 944 hoc
788 905 828 943 in
856 903 1109 942 transversali
1123 917 1193 943 seu
1217 905 1497 944 circumscissa.
1528 906 1624 945 Post

289 978 564 1018 dehiscentiam
592 981 848 1019 reflectuntur
883 984 950 1018 aut
979 985 1212 1031 torquentur
1246 994 1327 1019 non
1359 995 1450 1022 raro
1477 983 1623 1032 valvae,

287 1068 362 1094 nec
397 1069 476 1094 non
513 1056 661 1095 semina
698 1057 935 1108 explodunt,
979 1057 1086 1108 quod
1124 1070 1146 1095 a
1181 1057 1395 1096 directione
1428 1058 1623 1107 fibrarum,
1678 1091 1682 1093 .

288 1144 359 1171 seu
394 1138 437 1171 ut
477 1139 587 1172 recte
630 1133 857 1186 loquamur,
898 1133 1089 1172 serierum
1130 1133 1359 1172 cellularum
1395 1134 1508 1183 oriri,
1542 1135 1625 1185 jam

289 1210 681 1250 Tournefortius
710 1211 806 1250 vidit
846 1205 1010 1261 (Mem.
1050 1210 1105 1249 de
1133 1208 1320 1250 l’Acad.
1349 1211 1385 1251 d.
1415 1224 1476 1250 sc.
1507 1210 1623 1251 1692.
1677 1223 1682 1230 ·

287 1300 324 1337 p.
336 1285 426 1326 161.
439 1285 556 1326 1693.
567 1286 690 1333 152).
719 1286 753 1326 A
769 1287 1001 1338 gynophoro
1018 1287 1196 1326 resiliunt
1215 1289 1397 1338 capsulae
1415 1301 1486 1327 seu
1502 1302 1624 1328 cocca

287 1362 326 1401 in
354 1362 592 1414 Euphorbia,
619 1377 694 1403 nec
722 1377 803 1403 non
830 1364 871 1403 in
900 1364 1153 1403 Geraniaceis
1181 1366 1328 1404 caudae
1358 1365 1621 1405 adhaerentes.

287 1439 504 1478 Dehiscunt
533 1441 716 1491 capsulae
743 1454 816 1492 per
842 1441 993 1489 valvas,
1022 1442 1132 1492 apice
1161 1446 1308 1480 tantum
1337 1442 1526 1493 separatis
1552 1454 1623 1481 seu

287 1517 531 1563 dentibus;
568 1518 615 1556 ad
653 1517 838 1556 dimidum
875 1531 1018 1570 usque,
1065 1508 1226 1569 capsula
1265 1518 1623 1565 semibi-multi-

284 1593 461 1639 valvis;
478 1594 606 1644 plane,
626 1594 1188 1646 capsulabi-multivalvis
1218 1600 1257 1634 et
1271 1595 1427 1647 quidem
1444 1595 1491 1633 ab
1511 1598 1621 1646 apice

283 1669 476 1721 incipiens
505 1675 549 1709 ut
575 1670 819 1723 plerumque,
851 1677 918 1710 aut
947 1685 970 1710 a
999 1671 1082 1710 basi
1111 1672 1411 1723 (Euphorbiae).
1447 1672 1623 1711 Plerum-
1676 1695 1679 1696 ν

283 1759 360 1798 que
388 1747 437 1785 ad
465 1746 660 1798 margines
686 1747 873 1786 foliorum
899 1747 1101 1786 valvarum
1128 1749 1227 1787 fiunt
1259 1748 1533 1796 dehiscentiae,
1561 1761 1622 1787 ra·
1659 1793 1662 1797 ¹

284 1824 365 1862 rius
395 1824 473 1872 (an
501 1824 723 1875 unquam?)
759 1824 800 1862 in
834 1837 959 1863 nervo
987 1825 1130 1863 medio.
1187 1824 1230 1862 Si
1267 1825 1316 1862 ad
1344 1824 1622 1875 dissepimenta

280 1901 344 1947 fit,
387 1899 549 1951 capsula
586 1904 647 1939 est
683 1901 948 1952 septicida,
994 1902 1028 1940 si
1056 1901 1160 1940 inter
1187 1900 1288 1951 ipsa,
1336 1900 1619 1940 loculicida.

282 1977 501 2016 Solvuntur
531 1977 810 2028 dissepimenta
838 1992 860 2017 a
887 1978 1052 2017 valvulis
1081 1983 1121 2017 et
1149 1977 1212 2016 axi
1241 1977 1468 2025 adhaerent,
1507 1977 1619 2016 diss.

283 2054 543 2101 centralia,
599 2061 665 2093 aut
708 2055 917 2094 solvuntur
948 2055 995 2094 ab
1028 2053 1092 2094 axi
1129 2058 1166 2092 et
1200 2053 1365 2092 valvulis
1399 2054 1619 2102 adhaerent,

282 2131 394 2169 diss,
424 2131 707 2182 parietalia,
748 2136 816 2171 aut
853 2132 1035 2184 utrinque
1064 2131 1289 2179 adhaerent,
1334 2135 1374 2170 et
1410 2130 1621 2170 columella

281 2207 467 2246 dividitur
501 2207 721 2259 (Syringa).
806 2209 912 2247 Vere
957 2208 1166 2246 circums
1178 2207 1307 2247 cissa
1353 2211 1410 2246 est
1449 2207 1619 2259 capsula,

280 2296 379 2335 quae
409 2283 513 2323 linea
542 2285 795 2324 transversali
823 2298 894 2324 seu
911 2284 1093 2323 circulari
1109 2284 1292 2335 aperitur,
1321 2297 1396 2323 nec
1422 2284 1472 2322 ad
1498 2289 1619 2335 septa,

279 2374 353 2399 nec
389 2360 687 2409 constrictione,
725 2375 757 2400 e.
793 2375 829 2413 g.
870 2361 1030 2413 capsula
1064 2360 1322 2412 AnagallidiS,
1367 2360 1617 2411 Hyoseyami.

281 2425 587 2476 Transverse
634 2437 899 2477 dehiscentem
949 2438 1113 2476 dixerim
1165 2437 1363 2488 capsulam
1419 2450 1519 2489 quae
1569 2437 1618 2475 ad

279 2521 389 2564 septa
417 2518 642 2552 transversa
670 2514 850 2563 dehiscit,
895 2519 939 2553 ut
967 2514 1007 2553 in
1034 2513 1303 2566 Leguminosis
1331 2513 1468 2562 variis,
1505 2513 1617 2552 arti-

281 2589 507 2637 culatam,
536 2602 636 2641 quae
666 2591 958 2639 constrictione,
987 2595 1029 2630 ut
1057 2591 1096 2629 in
1123 2590 1241 2631 variis
1270 2590 1491 2642 Siliquosis.
1535 2591 1615 2629 Pa-
