1682 2938
896 114 978 156 154

269 238 350 265 non
378 226 419 264 in
434 223 616 264 Paeoniis
643 224 789 264 haecce
818 224 1041 264 ecblastesis
1069 224 1338 276 vulgatissima
1356 228 1427 264 est.
1457 225 1596 265 Flores

269 303 390 343 Ulicis
418 300 682 354 provincialis,
712 314 812 354 quos
840 301 981 353 plenos
1011 302 1256 341 consideravi
1279 316 1301 341 e
1320 302 1471 341 duobus
1489 307 1599 340 erant

269 379 490 431 compositi,
513 391 655 430 nempe
673 391 694 418 e
709 379 863 418 duobus
885 378 1038 418 vexillis
1067 378 1270 430 oppositis,
1303 379 1373 417 alis
1390 383 1429 418 et
1445 378 1598 418 carinae

266 457 412 509 phyllis
437 455 715 508 multiplicatis,
743 455 942 507 separatis,
970 455 1178 505 diminutis,
1208 456 1436 495 staminibus
1463 455 1599 507 paucis

266 533 420 583 liberis,
447 533 622 585 germine
651 532 762 572 nullo
792 533 864 572 sed
890 532 1112 573 rudimento
1141 533 1266 585 phylli
1294 532 1441 584 calycis
1469 537 1507 572 et
1533 545 1598 571 ve-

266 607 420 650 xilli'in
446 610 576 650 medio
604 611 716 650 flore.
752 611 909 649 Haecce
937 610 1164 650 ecblastesis
1191 610 1426 663 praesertim
1453 611 1601 661 irregu-

265 688 369 727 lares
399 691 439 727 et
466 686 620 726 mutilas
648 687 777 727 reddit
804 687 962 727 formas.

371 836 611 876 Ecblastesis
643 836 958 888 pedunculorum
994 836 1282 876 ramulosorum
1324 849 1495 888 gemmas
1531 836 1600 875 im-

264 914 462 965 perfectas
495 913 639 965 phyllis
673 913 820 952 mutilis
856 917 896 952 et
929 914 1245 963 conniventibus,
1290 914 1518 952 staminibus
1561 918 1600 952 et

264 989 418 1041 pistillis
446 990 660 1041 absorptis,
695 990 922 1040 proferens,
958 1003 980 1029 e
1008 990 1162 1042 singulo
1190 991 1289 1030 flore
1318 991 1596 1042 emergentium

264 1067 502 1118 singularem
529 1067 694 1106 formam
722 1066 930 1117 Hyacinthi
957 1066 1172 1106 monstrosi
1199 1068 1392 1118 producit.

372 1209 619 1249 Ecblastesin
645 1209 887 1249 ramulorum
916 1222 966 1248 ex
994 1208 1122 1248 axillis
1148 1208 1374 1261 phyllorum
1396 1209 1542 1260 calycis
1564 1212 1602 1246 et

262 1287 455 1339 perigonii
483 1287 524 1326 in
553 1285 804 1326 Convallaria
831 1286 972 1336 majali,
999 1286 1165 1326 Rumice
1197 1290 1236 1326 et
1251 1283 1599 1336 Garyophyllaceis

262 1364 380 1404 variis
408 1363 554 1403 indicat
579 1361 943 1414 Engelmannus
972 1363 1019 1413 (l.
1050 1365 1113 1413 c.).

369 1513 637 1565 Diaphysis
673 1517 734 1553 est
760 1517 975 1565 proventus
1003 1513 1104 1553 alius
1132 1513 1262 1561 floris,
1295 1513 1509 1564 pedunculi
1535 1518 1602 1551 aut

263 1591 361 1630 rami
395 1604 417 1630 e
445 1591 575 1630 medio
609 1590 721 1630 flore.
777 1589 938 1630 Nomen
980 1594 1019 1630 et
1059 1604 1143 1630 rem
1182 1591 1230 1630 ab
1264 1590 1599 1642 Engelmanno

262 1667 437 1708 mutuavi
464 1668 556 1716 (cfr.
584 1668 609 1706 l.
640 1682 672 1707 c.
695 1665 788 1716 43.)
846 1668 992 1706 Varios
1020 1668 1165 1718 gradus
1194 1667 1372 1707 admittit.
1426 1667 1598 1706 Germen

261 1745 301 1783 in
329 1744 504 1796 calycem
533 1748 722 1783 mutatum
755 1757 902 1783 novum
936 1745 1075 1783 florem
1111 1744 1376 1795 amplectitur,
1421 1748 1487 1782 aut
1514 1743 1598 1782 axis

260 1822 369 1861 floris
397 1821 655 1872 prolongatur
683 1825 721 1860 et
748 1833 896 1860 novum
924 1822 1063 1860 florem
1091 1821 1245 1871 profert
1279 1826 1346 1859 aut
1374 1821 1414 1858 in
1441 1820 1504 1859 axi
1532 1825 1599 1858 aut

260 1899 362 1938 intra
387 1911 548 1950 germen
575 1910 680 1937 nova
705 1898 884 1937 exoritur
911 1911 1063 1948 gemma
1089 1897 1373 1949 pedunculum,
1400 1909 1599 1935 ramumve

263 1959 481 2027 proferens.
541 1976 688 2014 Omnes
715 1975 788 2014 hae
812 1974 1025 2030 varietates
1060 1974 1102 2013 in
1128 1974 1247 2014 Rosis
1276 1974 1479 2014 observari
1507 1986 1598 2024 pos-

261 2053 348 2102 sint,
378 2054 449 2093 sed
477 2056 516 2091 et
542 2051 583 2091 in
611 2052 697 2091 aliis
727 2055 952 2091 occurrunt.

369 2201 758 2253 Anthodiolysis
796 2205 854 2241 est
889 2202 1035 2241 reditus
1063 2202 1236 2241 anthodii
1265 2203 1313 2240 ad
1350 2202 1602 2241 inflorescen—

262 2280 336 2318 tiae
366 2278 721 2319 conformationem
752 2278 968 2318 normalem
993 2283 1033 2318 et
1046 2279 1255 2330 vulgatam.
1311 2280 1398 2318 Huc
1424 2290 1603 2329 praeser-

262 2355 331 2395 tim
367 2355 567 2406 pertinent
603 2356 857 2408 Compositae
899 2356 1054 2409 plures,
1103 2369 1136 2395 e.
1172 2369 1207 2407 g.
1244 2356 1368 2395 Bellis
1403 2353 1600 2405 perennis,

262 2432 380 2472 Aster
406 2431 584 2482 sinensis,
614 2434 814 2486 Georgina
842 2446 872 2472 s.
900 2433 1038 2472 Dahlia
1065 2433 1262 2473 variabilis
1291 2433 1479 2484 aliaeque,
1508 2444 1600 2483 qua-

264 2524 351 2550 rum
380 2509 555 2549 corollae
584 2510 791 2550 tubulosae
820 2510 859 2550 iu
887 2511 1009 2559 disco,
1039 2524 1176 2550 onmes
1205 2514 1271 2549 aut
1297 2509 1438 2560 partim
1466 2508 1506 2546 in
1534 2520 1600 2546 co-

266 2587 388 2627 rollas
416 2587 599 2639 ligulatas
629 2588 726 2627 radii
748 2592 921 2628 mutatae
937 2597 1038 2637 sunt,
1068 2601 1188 2640 quare
1216 2586 1428 2626 similitudo
1457 2583 1598 2634 singuli
