1592 2924
775 117 832 160 28

235 226 281 266 In
307 225 540 266 Muscorum
583 225 690 267 foliis
726 239 887 280 quoque
922 231 1140 269 occurrunt
1175 228 1270 280 ipsis
1306 228 1472 269 similem

127 302 296 343 nitorem
323 307 478 356 gratum
504 304 740 356 praebentes
768 317 815 344 ac
844 305 1029 346 corollae.

127 455 233 504 126.
299 454 423 505 Pili
475 460 592 504 sunt
633 459 998 506 excrescentiae
1046 461 1217 506 tenues
1272 460 1471 506 conicae

323 548 410 592 aut
442 542 739 612 cylindricae
774 562 948 608 cavae,
1005 547 1057 593 in
1090 544 1350 610 superficie
1383 561 1471 594 ex-

317 637 461 681 terna
495 631 778 697 plantarum
810 635 1016 697 positae.

233 763 391 805 Cavitas
419 776 492 804 seu
520 764 669 805 canalis
696 765 822 818 pilum
855 779 1095 818 percurrens
1123 771 1190 806 aut
1216 766 1371 819 integer
1398 771 1470 816 est,

123 845 191 882 aut
217 854 299 882 uno
328 841 506 881 alterove
532 845 647 894 septo
684 842 913 893 distinctus,
956 843 1062 883 unde
1091 843 1189 895 pili
1215 843 1403 895 integri
1432 847 1472 883 et

122 918 318 971 septati.
391 918 493 959 Sunt
533 932 692 972 quoque
727 919 799 972 pili
835 920 984 961 crebris
1013 922 1137 974 septis
1164 921 1391 973 intercepti,
1433 924 1472 960 et

123 996 236 1049 quasi
263 995 471 1046 articulati,
498 995 676 1036 articulis
695 997 930 1050 quidusdam
945 1011 1028 1039 non
1055 1012 1148 1039 raro
1178 997 1373 1050 collapsis,
1402 998 1470 1051 qui

122 1086 146 1113 a
172 1073 337 1126 reliquis
364 1072 527 1125 septatis
554 1072 689 1113 habitu
717 1073 922 1125 differunt,
949 1076 1174 1117 floccosi
1202 1075 1368 1116 dicendi.

230 1182 307 1223 Pili
334 1181 452 1223 facile
480 1195 570 1221 cum
591 1182 711 1223 radiis
736 1184 869 1236 pappi,
897 1184 1049 1235 aristis,
1076 1185 1201 1237 paleis
1228 1185 1470 1237 receptaculi

120 1260 360 1301 tenuissimis
386 1260 621 1300 commutari
648 1265 827 1312 possunt.
883 1262 1019 1302 Facile
1046 1275 1144 1302 vero
1178 1262 1471 1314 distinguuntur

120 1351 172 1379 eo
207 1338 317 1393 quod
352 1351 472 1378 unam
508 1338 692 1378 cellulam
729 1338 952 1391 elongatam
988 1343 1057 1380 aut
1090 1353 1211 1380 unam
1238 1338 1471 1379 cellularum

120 1416 265 1456 seriem
288 1415 437 1466 sistant,
467 1428 557 1456 cum
583 1420 716 1468 partes
744 1416 872 1456 dictae
909 1429 931 1456 e
958 1415 1140 1467 pluribus
1170 1416 1324 1456 cellulis
1349 1429 1471 1469 appo-

120 1492 206 1533 sitis
233 1496 438 1543 constent,
465 1496 607 1545 utpote
635 1492 783 1545 calycis
808 1492 1032 1543 divisiones,
1060 1493 1243 1534 bracteae
1272 1498 1345 1535 etc.
1375 1506 1470 1534 con-

121 1573 282 1610 tractae.

228 1678 304 1719 Pili
329 1678 564 1732 plerumque
593 1679 853 1732 simplices
882 1684 1099 1720 occurrunt
1126 1684 1166 1720 et
1193 1680 1279 1720 veri
1304 1680 1376 1732 pili
1402 1680 1470 1721 vix

122 1756 269 1796 ramosi
298 1760 367 1795 aut
395 1756 539 1796 surcati
561 1761 788 1798 occurrunt.
843 1757 919 1797 Pili
947 1757 1239 1810 ganglionei
1265 1770 1363 1798 vero
1392 1758 1469 1797 huc

119 1834 330 1886 pertinent,
358 1834 428 1887 qui
455 1848 477 1874 e
505 1835 620 1875 nodis
648 1835 749 1875 alios
776 1834 879 1887 pilos
907 1835 1082 1888 undique
1111 1835 1303 1885 emittunt,
1333 1834 1470 1888 quales

117 1912 160 1952 in
186 1911 306 1955 variis
334 1912 528 1952 Verbasci
555 1912 764 1964 speciebus
793 1912 1101 1965 conspiciuntur.

229 2022 378 2062 Forma
406 2021 584 2062 conica
620 2022 662 2062 in
695 2022 787 2074 pilis
813 2022 1060 2075 longioribus
1094 2034 1213 2073 saepe
1247 2022 1289 2061 in
1317 2022 1470 2073 cylin-

119 2098 308 2139 dricam
336 2098 428 2148 abit,
456 2098 654 2139 interdum
683 2099 912 2151 capitata
940 2104 1022 2149 est,
1052 2086 1196 2140 c'ellula
1222 2098 1358 2138 ultima
1384 2099 1470 2150 glo-

121 2176 241 2226 bosa,
270 2188 371 2229 quae
400 2176 529 2216 forma
557 2176 607 2216 ad
636 2176 877 2216 clavatam
904 2177 1053 2217 transit.
1110 2174 1175 2215 Ad
1202 2180 1314 2228 septa
1349 2175 1471 2215 inter—

118 2253 214 2294 dum
248 2252 525 2305 prominentiis
562 2253 739 2306 insigniti
773 2257 882 2304 sunt,
926 2254 995 2307 qui
1042 2257 1090 2293 to
1101 2252 1266 2293 rulosi
1301 2253 1470 2294 vocandi

117 2330 318 2383 (Lamium
344 2329 515 2381 album);
552 2331 749 2371 interdum
777 2320 937 2384 quoque
965 2330 1173 2370 constricti
1199 2333 1390 2382 apparent
1417 2330 1468 2369 ob

120 2407 310 2448 articulos
330 2406 423 2447 hinc
450 2408 542 2448 inde
572 2408 784 2461 collapsos,
812 2407 1178 2448 maniliformes
1207 2406 1318 2456 dicti,
1361 2407 1469 2459 quod

121 2484 308 2527 floccosis
334 2479 569 2537 praesertim
596 2485 751 2537 accidit,
779 2499 814 2526 e.
843 2499 880 2538 g.
910 2485 952 2525 in
979 2484 1135 2525 Cacteis
1165 2486 1206 2524 et
1231 2483 1425 2523 affinibus..

232 2596 452 2650 Superficie
480 2596 715 2651 plerumque
742 2595 875 2637 laeves
889 2599 989 2647 sunt,
1016 2594 1213 2636 interdum
1240 2606 1340 2636 vero
1368 2605 1467 2634 sca-
