1592 2924
848 132 900 174 16

207 241 632 301 εΧεθΡῐίεῌίι-ιιηᾶι
663 240 792 294 110.),
833 257 933 296 quae
960 244 1129 296 probant
1157 246 1391 286 mutationes
1429 247 1546 286 hasce

207 333 289 360 non
325 332 414 360 esse
448 323 692 369 constantes,
734 321 804 360 sed
839 322 1067 373 saepissime
1104 326 1262 373 apertos
1296 336 1419 374 poros
1457 337 1546 363 eum

208 396 351 437 clausis
379 396 496 436 simul
524 397 674 436 adesse.
1420 394 1422 396 ’

314 490 434 529 Primi
451 490 727 530 observatores
754 503 897 530 succos
926 504 1134 532 secernere
1163 496 1203 531 et
1231 505 1446 532 excernere
1474 506 1547 543 pu-

205 568 356 617 tabant,
399 571 440 607 et
475 567 526 606 ad
570 567 773 618 glaudulas
819 568 1054 608 referebant.
1117 569 1399 620 Hedwigius
1442 573 1549 608 tran-

206 644 411 696 spirationi
437 657 526 684 esse
552 657 698 696 organa
725 644 851 683 dicata
877 645 1046 695 probare
1074 646 1234 694 studuit,
1262 647 1326 685 cui
1355 645 1548 685 adsentie-

204 725 299 761 runt
324 721 558 772 praesertim
580 721 884 760 Treviranus
914 722 1092 771 (Verm.
1122 723 1376 762 Schriften
1396 720 1545 762 1.171.

205 797 421 850 Physiol.
447 796 482 852 ἓ,
502 796 619 846 294.)
648 802 688 837 et
716 797 770 836 de
800 797 1041 838 Candolle
1070 799 1362 851 (Organogr.
1391 798 1428 839 1.
1450 798 1547 848 84),

205 876 276 915 sed
303 875 420 914 iidem
447 874 646 914 Auctores
674 874 790 913 simul
824 875 1114 926 resorptionem
1151 876 1360 916 humorum
1388 887 1546 927 quoque

205 952 435 1001 admittunt,
464 951 615 990 scilicet
642 951 926 1002 Hedwigius
954 952 1000 1001 (l.
1033 966 1066 991 c.
1095 952 1219 1002 1299,
1247 951 1546 992 Candollius

206 1029 253 1079 (l.
289 1042 322 1068 c.
360 1027 468 1078 88),
513 1027 817 1067 Treviranus
854 1027 899 1078 (l.
930 1041 962 1067 c.
989 1026 1024 1081 ἓ.
1049 1028 1175 1078 302.)
1242 1029 1548 1080 Resorptionem

205 1106 416 1145 humorum
450 1116 524 1155 per
556 1104 654 1142 haec
691 1116 839 1154 organa
880 1105 1112 1155 praesertim
1146 1105 1232 1144 fieri
1267 1106 1435 1157 primus,
1471 1105 1547 1144 nisi

205 1182 334 1231 fallor,
361 1179 572 1233 proposuit
600 1179 905 1220 Schrankius
935 1181 1064 1230 (Von
1092 1182 1126 1221 d.
1146 1181 1548 1234 Nebengefassen

206 1260 243 1299 d.
273 1255 460 1299 Pflan*z.
489 1256 641 1296 Niirnb.
670 1255 790 1296 1794.
820 1271 859 1309 p.
878 1257 983 1306 89.)‚
1013 1262 1096 1297 tum
1122 1258 1478 1298 Humboldtius
1507 1258 1548 1297 in

205 1335 505 1376 Introductione
534 1334 581 1372 ad
606 1333 878 1384 Ingenhaussii
905 1334 1048 1373 librum
1077 1335 1126 1374 de
1154 1335 1368 1374 nutritione
1395 1334 1548 1386 planta-

206 1426 308 1461 rum,
337 1410 661 1463 Sprengelius
689 1409 892 1460 (Anleit.
922 1411 1007 1450 der
1034 1412 1201 1451 Botan.
1232 1413 1292 1451 ed.
1320 1411 1356 1452 1.
1384 1413 1429 1451 T.
1446 1410 1483 1451 1.
1509 1426 1547 1463 p.

207 1489 332 1539 127.),
358 1486 670 1538 Rudolphius
698 1485 807 1535 (An.
827 1485 972 1540 §.73.)‚
1001 1501 1102 1540 quos
1131 1489 1257 1528 secuti
1285 1493 1377 1527 sunt
1404 1492 1444 1527 et
1472 1488 1548 1537 alii,

205 1566 440 1620 praesertim
466 1564 687 1604 Bonneti
712 1564 882 1614 (Rech.
912 1576 942 1603 s.
971 1563 1009 1604 l'.
1038 1577 1103 1604 us.
1133 1566 1170 1604 d.
1202 1565 1367 1604 feuill.
1395 1579 1435 1617 p.
1454 1564 1548 1605 223.

207 1643 313 1697 sqq.)
342 1641 620 1694 experimentis
648 1640 831 1692 permoti,
859 1653 958 1693 quae
980 1642 1160 1692 probant,
1187 1642 1368 1694 paginam
1391 1642 1552 1681 inferio-

207 1734 292 1760 rem
319 1720 550 1772 plantarum,
579 1731 679 1771 quae
706 1717 938 1770 plerumque
966 1719 1109 1769 majori
1134 1719 1408 1759 stomatiorum
1436 1719 1551 1770 copia

207 1797 386 1849 praedita
415 1800 495 1845 est,
523 1795 648 1847 magis
676 1795 862 1834 humores
890 1795 1119 1845 resorbere,
1148 1809 1264 1848 quam
1292 1796 1548 1847 superiorem.

208 1874 272 1914 Ad
298 1873 610 1925 respirationem,
640 1885 740 1924 quae
772 1872 812 1911 in
841 1871 945 1912 foliis
975 1872 1218 1922 observatur,
1245 1873 1478 1924 praesertim
1495 1874 1550 1912 fa-

210 1965 301 1990 cere
325 1950 692 2002 Brongniartus
725 1948 918 1999 (Annal.
949 1949 986 1988 d.
1015 1949 1198 1988 scienc.
1227 1953 1318 1989 nat.
1341 1949 1408 1990 21.
1434 1949 1550 1998 446.)

210 2028 365 2068 Auctor
392 2032 462 2076 est,
489 2031 529 2067 et
546 2028 766 2078 Ungerus
794 2026 897 2065 idem
925 2025 1096 2078 probare
1123 2025 1254 2064 studet
1280 2025 1326 2074 (l.
1347 2039 1380 2065 c.
1395 2024 1430 2079 ξ.
1451 2024 1547 2076 18.)

318 2142 413 2182 Non
442 2142 677 2182 crediderim
705 2141 887 2181 stomatia
916 2141 1186 2192 evaporationi
1214 2140 1425 2190 inservire,
1460 2154 1549 2180 cum

210 2221 252 2260 in
277 2224 362 2259 toto
391 2232 516 2271 regno
547 2219 735 2270 organico
763 2231 845 2258 non
873 2218 1002 2257 solum
1029 2230 1216 2269 vaporeS,
1258 2218 1329 2257 sed
1362 2218 1548 2258 humores

211 2310 369 2349 quoque
399 2300 437 2335 et
464 2296 584 2335 fluida
612 2295 868 2347 spissiuscula
895 2308 928 2334 e.
958 2308 993 2346 g.
1025 2295 1202 2334 resinosa
1228 2294 1451 2345 plantarum
1477 2307 1550 2345 per

210 2373 456 2413 membranas
483 2372 642 2412 nonnisi
668 2373 779 2424 poris
808 2371 1075 2423 inconspicuis
1103 2372 1266 2411 donatas
1294 2370 1410 2410 facile
1445 2374 1550 2409 tran-

212 2454 334 2491 seant.
367 2450 420 2489 Et
448 2444 729 2501 experimentis
757 2462 822 2490 res
850 2449 1039 2489 nonsatis
1056 2448 1260 2500 explorata
1271 2446 1364 2487 mihi
1379 2447 1547 2487 videtur.

213 2527 517 2567 Treviranus
546 2526 592 2576 (l.
622 2525 679 2576 c.)
706 2527 815 2566 varia
842 2526 1000 2566 adducit
1032 2530 1071 2566 et
1105 2524 1266 2577 propria
1299 2527 1340 2563 et
1373 2523 1548 2575 Knigh-

214 2604 295 2655 tii,
322 2603 462 2657 quibus
490 2602 684 2655 probatur
712 2616 797 2642 eam
827 2603 1014 2643 foliorum
1040 2602 1219 2655 paginam
1241 2612 1409 2651 vapores
1438 2599 1548 2639 emit-
