1682 2938
921 115 1001 187 1⁶4

297 254 347 293 tis
374 253 415 292 in
442 252 661 306 quinarium
687 255 868 293 transeat.
925 255 969 294 ln
997 254 1164 295 Labiatis
1192 259 1342 295 stamen
1372 256 1537 296 elisione
1565 271 1630 309 pe-

293 330 359 369 riit
385 342 476 370 cum
503 329 680 370 corollae
701 330 836 382 phylla
863 331 978 371 nimis
1003 337 1187 372 concreta
1211 333 1367 382 fuerint,
1396 337 1435 372 et
1458 333 1628 385 quidem,

294 406 481 456 infimum,
509 407 644 447 forsan
672 408 724 447 ob
752 408 1017 448 inversionem
1045 409 1174 458 floris,
1203 423 1318 461 quam
1347 409 1462 460 calyx
1490 404 1632 461 prodit'.

293 484 340 523 111
365 483 518 523 Muscis
543 497 731 524 numerus
758 485 1029 537 quaternarius
1046 485 1221 525 solennis
1247 490 1317 534 est,
1348 486 1397 525 ad
1413 486 1632 538 quinarium

294 573 375 600 non
402 565 680 612 pervenerunt.
712 560 935 602 ·Numerus
962 562 1137 602 binarius
1167 566 1206 601 et
1234 562 1375 602 unicus
1403 563 1539 615 utique
1568 563 1632 603 de-

293 637 425 677 fectivi
460 642 562 677 sunt.
627 637 852 678 Secundum
891 651 1098 677 numerum
1133 639 1340 678 staminum
1383 639 1632 679 Linnaeus

294 714 413 753 fiores
461 714 639 755 distinxit
677 715 937 763 monandros‚
982 715 1166 756 diandros
1202 738 1252 747 —
1288 717 1507 756 decandros
1548 721 1631 756 tum

294 790 547 841 polyandros.

402 1151 601 1192 Numerus
629 1153 803 1190 mutatur
829 1162 946 1190 nexu.
1004 1151 1115 1199 Basi,
1144 1151 1339 1192 interdum
1366 1166 1439 1205 pro
1466 1154 1633 1194 maxima

293 1233 406 1282 parte
443 1229 630 1268 inferiore
665 1227 832 1267 stamina
867 1227 998 1267 omnia
1040 1233 1210 1267 connata
1246 1234 1353 1279 sunt,
1399 1234 1445 1269 st.
1479 1243 1635 1271 mona-

295 1305 491 1358 delpha‚
520 1309 587 1345 aut
611 1303 841 1344 dilatatione
868 1304 1169 1354 filamentorum,
1198 1309 1242 1345 ut
1258 1306 1299 1344 in
1316 1306 1488 1355 Genista,
1517 1307 1636 1358 Spar-

295 1383 350 1422 tio
377 1382 573 1435 variisque
588 1381 885 1432 Papilionaceis‚
914 1385 981 1421 aut
1009 1382 1219 1421 filamentis
1249 1383 1425 1422 carnosis
1444 1381 1544 1422 utin
1559 1384 1635 1434 Ly-

294 1458 498 1508 simachia‚
547 1461 614 1498 aut
649 1458 943 1498 concrescendo
980 1471 1069 1497 cum
1097 1459 1330 1511 gynophoro
1365 1463 1411 1498 ut
1444 1459 1485 1498 in
1510 1459 1636 1498 Passi-

292 1536 404 1576 flora.
465 1535 629 1574 Lamina
663 1548 686 1574 e
722 1533 928 1573 filamentis
963 1534 1130 1574 dilatatis
1166 1540 1205 1575 et
1240 1536 1417 1575 connatis
1452 1536 1493 1575 in
1527 1535 1634 1588 pagi-

292 1625 385 1652 nam
411 1611 643 1651 interiorem
669 1610 891 1662 petalorum
921 1611 1171 1651 continuatur
1198 1612 1239 1651 in
1254 1612 1471 1652 Malvaceis
1501 1617 1541 1652 et
1569 1625 1636 1652 co-

294 1688 439 1728 rollam
466 1687 740 1727 intermediam
767 1687 871 1726 inter
897 1689 1190 1739 monopetalam
1219 1693 1258 1728 et
1273 1689 1539 1741 polypetalam
1565 1689 1636 1728 sis-

294 1765 353 1815 tit,
381 1776 499 1817 quam
526 1763 788 1815 catapetalam
816 1763 907 1802 dixi.
964 1764 1135 1804 Coalitio
1164 1765 1455 1805 filamentorum
1492 1778 1636 1805 novem

295 1841 564 1889 dilatatorum,
607 1853 697 1879 cum
725 1840 919 1879 decimum
947 1840 1151 1879 exclusum
1178 1841 1247 1890 sit,
1293 1842 1478 1894 frequens
1507 1845 1568 1880 est
1595 1842 1636 1880 in

294 1917 496 1970 plerisque
523 1916 752 1968 Diadelphis
786 1916 899 1955 Linn.
936 1928 1007 1956 seu
1035 1916 1343 1968 Papilionaceis‚
1387 1931 1434 1957 ac
1462 1917 1496 1957 si
1532 1917 1636 1957 deci-

293 2007 403 2034 mum
427 1997 578 2033 stamen
605 1993 736 2033 redire
762 1993 944 2033 tenderet
972 1993 1021 2032 ad
1047 1993 1248 2034 vexillum,
1302 1994 1456 2033 Revera
1471 1994 1637 2033 stamina

296 2070 504 2123 diadelpha
535 2075 638 2120 sunt,
667 2083 766 2123 quae
794 2069 836 2108 in
864 2070 960 2108 duas
987 2069 1200 2121 phalanges
1230 2070 1440 2110 coalitione
1465 2071 1637 2110 filamen-

297 2150 432 2186 torum
460 2147 711 2187 dilataturum
739 2149 936 2197 separata,
964 2149 1009 2184 ut
1036 2145 1077 2184 in
1105 2146 1310 2198 Polygala,
1337 2147 1533 2196 Fumaria,
1561 2148 1638 2187 Co-

297 2223 435 2274 rydali.
499 2224 674 2263 Stamina
707 2221 971 2275 polyadelpha
1013 2223 1231 2261 secundum
1265 2223 1537 2263 Linnaeum
1571 2236 1638 2264 va-

297 2298 381 2338 riae
417 2305 510 2339 sunt
550 2300 708 2340 indolis.
777 2298 859 2339 Aut
894 2298 1126 2338 fasciculata
1157 2302 1268 2349 sunt,
1308 2299 1513 2338 filamentis
1554 2300 1638 2339 basi

297 2374 367 2416 vix
393 2377 584 2426 connatis,
612 2381 656 2416 ut
682 2377 724 2416 in
740 2376 951 2428 Hyperico,
979 2379 1047 2415 aut
1074 2376 1115 2414 in
1142 2375 1277 2427 plures
1305 2375 1518 2426 phalanges
1547 2389 1638 2415 coa-

297 2451 369 2492 lita
410 2456 518 2502 sunt,
556 2456 596 2492 et
630 2453 684 2492 ita
718 2453 876 2505 quidem
911 2455 955 2492 ut
993 2452 1191 2492 filamenta
1227 2451 1308 2491 basi
1343 2451 1528 2492 laminam
1556 2453 1638 2492 for-

298 2531 408 2568 ment
435 2541 457 2568 e
486 2529 640 2568 duobus
674 2529 808 2569 stratis
842 2528 1119 2580 compositam,
1146 2527 1266 2580 ‘quod
1301 2527 1342 2566 in
1369 2528 1636 2577 Galothamno,

298 2603 524 2645 Melaleuca
549 2609 624 2646 etc.
652 2605 738 2645 fieri
771 2605 891 2654 solet,
924 2609 993 2646 aut
1028 2605 1112 2645 basi
1139 2607 1308 2644 connata
1334 2603 1376 2645 in
1402 2605 1536 2645 orbem
1564 2616 1636 2656 po·
1660 2653 1661 2656 Ἴ
