1682 2938
909 173 993 214 278

272 281 358 320 Par.
389 279 507 321 1829.
535 280 612 332 4.),
656 295 731 322 nec
759 283 996 322 omittendus
1033 288 1093 322 est
1121 284 1497 333 Dutrochetius,
1543 285 1610 337 qui

274 357 499 408 nuperrime
534 358 830 400 observationes
866 372 956 399 suas
989 364 1124 400 auctas
1168 362 1287 401 edidit
1323 357 1486 412 (Mem.
1516 374 1610 400 ser-

275 434 350 474 vir
377 430 401 473 a
428 433 574 475 l’hist.
603 436 638 477 d.
666 432 823 488 veget.
853 436 891 477 2.
923 436 1044 486 115.)

385 544 591 584 Ovulum
625 546 780 597 plantae
818 547 971 586 duobus
1012 547 1286 599 integumentis
1321 548 1519 587 obtectum
1553 551 1612 586 est

274 632 299 660 e
323 622 626 673 parenchymate
652 622 744 662 laxo
774 624 1013 675 compositis,
1042 637 1209 676 quorum
1239 625 1412 663 exterius
1439 623 1613 663 Mirbe-
1651 645 1654 648 ·

274 696 368 738 lius
396 698 650 750 priminam
667 705 795 749 vocat,
823 700 889 739 alii
918 704 1071 750 testam,
1100 701 1262 740 interius
1291 701 1613 749 secundinam,
1655 756 1657 758 Ι

275 774 343 814 alii
373 776 637 815 membranam
664 776 857 815 internam
884 789 955 816 seu
982 781 1149 828 tegmen.
1206 778 1425 817 Funiculus
1461 777 1615 816 umbili-

276 851 371 891 calis
398 865 472 903 per
497 853 647 901 locum,
683 866 800 906 quem
832 853 977 892 hilum
1005 858 1151 893 vocant
1177 854 1218 892 in
1245 854 1452 904 priminam
1485 855 1613 903 intrat,

275 928 316 967 in
344 929 600 969 secundinam
627 943 724 969 vero
751 930 862 978 loco,
903 943 1020 982 quem
1049 929 1287 968 chalazam
1317 930 1613 970 Gaertnerus

270 1006 355 1056 jam
383 1005 492 1046 dixit.
548 1006 643 1045 Non
677 1018 834 1057 semper
867 1006 1026 1045 chalaza
1061 1019 1151 1045 cum
1184 1006 1265 1045 hilo
1301 1006 1501 1054 coincidit,
1544 1007 1614 1046 sed

277 1095 396 1134 saepe
430 1087 609 1135 separata
632 1083 896 1123 inveniuntur.
959 1084 1003 1122 In
1038 1082 1162 1123 altera
1195 1083 1438 1122 extremitate
1467 1077 1616 1134 integu-

277 1164 409 1199 menta
436 1161 476 1199 in
503 1173 584 1200 uno
614 1160 831 1212 eodemque
860 1159 952 1199 loco
982 1159 1174 1199 foramine
1202 1164 1365 1211 pertusa
1382 1163 1503 1219 flunt,
1542 1160 1616 1199 mi-

278 1237 514 1288 cropylen
552 1242 713 1286 vocant,
760 1242 799 1276 et
837 1236 994 1288 quidem
1027 1240 1230 1275 externam
1259 1240 1297 1275 et
1324 1236 1516 1275 internam
1544 1250 1617 1288 pro
1658 1284 1660 1289 X

277 1312 548 1364 integumento
587 1315 760 1363 diverso,
801 1313 868 1353 alii
901 1317 1107 1352 exostoma
1136 1317 1174 1351 et
1201 1313 1432 1352 endostoma
1468 1313 1617 1354 volunt.

275 1389 443 1430 Juniore
475 1395 578 1431 statu
617 1391 811 1431 foramina
850 1389 985 1429 clausa
1017 1390 1200 1429 videntur
1238 1401 1313 1428 nec
1354 1389 1620 1441 integumenta

278 1466 353 1506 rite
381 1467 686 1519 distinguuntur.
723 1469 824 1506 Tum
851 1480 949 1507 vero
964 1465 1183 1517 micropyle
1211 1466 1396 1516 aperitur,
1425 1480 1499 1507 nec
1526 1481 1617 1507 raro
1657 1470 1660 1512 ζ

278 1542 587 1595 integumentum
615 1546 811 1584 internum
841 1548 953 1583 extra
967 1547 1173 1583 externum
1193 1543 1432 1594 micropyles
1447 1545 1620 1595 margine
1654 1546 1661 1573 ἶ

279 1621 496 1670 prominet,
524 1622 682 1673 lateque
710 1625 829 1673 patet,
858 1625 997 1671 postea
1026 1633 1124 1659 vero
1153 1620 1364 1658 retrahitur
1387 1625 1425 1659 et
1452 1622 1524 1660 sub
1554 1635 1621 1660 ex-

279 1700 394 1737 terno
437 1698 551 1747 latet,
597 1699 726 1743 donec
775 1701 986 1748 utrumque
1029 1697 1247 1745 claudatur,
1300 1697 1407 1748 quod
1451 1698 1491 1736 in
1542 1699 1620 1737 Tu-

278 1772 360 1824 lipa
415 1773 563 1824 optime
617 1773 780 1814 videbis.
865 1773 1066 1812 Interdum
1121 1778 1252 1811 manet
1307 1774 1485 1813 foramen
1538 1789 1621 1826 per,

279 1853 325 1889 ut
358 1850 398 1889 in
431 1850 638 1891 Phaseolo.
694 1851 839 1902 Margo
872 1849 1113 1901 micropyles
1142 1849 1319 1889 internae
1347 1863 1428 1889 non
1456 1851 1623 1902 integer-

281 1927 404 1966 rimus
460 1931 519 1966 est
573 1927 644 1966 sed
699 1926 852 1967 cellulis
906 1927 1217 1979 prominentibus
1262 1932 1301 1967 et
1346 1931 1431 1966 toto
1474 1928 1621 1967 ambitu

282 2003 510 2056 inaequalis.
571 2003 666 2043 Non
702 2016 859 2055 semper
893 2004 1140 2055 micropylen
1176 2005 1368 2044 internam
1395 2009 1622 2055 protensam

282 2080 363 2119 vidi
400 2080 506 2120 ultra
539 2085 754 2120 externam.
826 2081 992 2132 Semper
1025 2082 1250 2132 prominere
1286 2082 1389 2120 ultra
1423 2086 1623 2121 externam
1661 2087 1662 2090 ’

282 2157 324 2196 in
356 2157 611 2209 Plumbagine
644 2156 909 2197 Mirbelius
945 2162 1086 2198 auctor
1119 2164 1190 2198 est.
1259 2158 1477 2197 Nucleus
1511 2158 1624 2197 tertia
1657 2190 1663 2219 3

283 2246 375 2285 pars
405 2234 513 2273 ovuli
540 2235 711 2275 medium
745 2247 964 2285 occupans,
1009 2238 1114 2274 totus
1143 2249 1165 2274 e
1194 2235 1497 2287 parenchymate
1531 2248 1626 2274 con·

282 2315 368 2360 stat,
396 2311 675 2362 imperforatus
704 2325 750 2351 ac
778 2311 939 2351 solidus.

391 2409 618 2450 Secundum
645 2411 884 2463 micropyles
919 2416 958 2451 et
984 2411 1053 2450 hili
1080 2425 1126 2451 ac
1154 2411 1334 2450 chalazae
1369 2410 1486 2449 situm
1514 2410 1625 2449 Mir-
1658 2412 1662 2418 ’

283 2486 445 2526 helius
473 2490 552 2526 tres
581 2488 791 2527 ovulorum
818 2489 965 2528 classes
994 2488 1187 2536 condidit,
1223 2491 1386 2527 naturae
1417 2490 1622 2526 consenta-
1656 2507 1659 2509 ·

285 2576 390 2603 neas.
445 2564 576 2603 Prima
610 2569 669 2604 est
709 2565 921 2605 ovulorum
954 2566 1366 2616 orthotroporum
1408 2564 1448 2602 in
1483 2563 1623 2615 quibus

286 2640 444 2681 chalaza
478 2654 567 2680 cum
603 2641 684 2681 hilo
719 2642 905 2682 coincidit
940 2647 978 2682 et
1010 2642 1228 2693 micropyle
1264 2642 1411 2680 directe
1440 2639 1520 2679 hilo
1555 2652 1625 2690 op-
1655 2630 1657 2634 ¹
