1682 2938
929 129 1012 172 306

298 228 462 290 culigcri
490 237 569 277 dici
597 242 798 278 merentur
833 240 925 291 quia
952 240 1139 292 singulari
1175 241 1269 281 satis
1296 241 1416 282 modo
1444 242 1637 294 gemmula

296 315 335 354 in
361 315 563 354 surculum
592 319 716 355 exeat.

404 384 613 442 Embryo
650 392 962 433 involutivus
993 398 1070 443 est,
1090 407 1092 409 ’
1112 395 1152 435 in
1181 409 1260 448 quo
1295 395 1489 448 gemmula
1517 395 1636 435 mani-

296 470 396 508 festa
422 482 503 507 non
532 474 600 517 est,
629 470 699 508 sed
715 470 870 509 demum
894 470 1140 511 increscente
1170 473 1385 525 embryone
1415 473 1501 524 ipsa
1529 472 1636 511 evol-

294 546 409 586 vitur.
438 546 849 596 Monocotyledoneas
875 560 947 587 seu
974 549 1274 600 monocotyleas
1302 553 1447 589 vocant
1470 550 1634 600 plantas,

294 635 394 674 quae
422 623 529 661 hisce
556 623 756 673 praeditae
784 628 876 663 sunt
903 625 1195 676 embryonibus.
1251 626 1456 676 Ejusmodi
1474 626 1635 677 embryo

294 704 399 739 totus
443 703 608 751 quantus
647 700 862 752 aequabilis
905 705 965 740 est
1006 714 1080 741 nec
1121 702 1203 742 ulla
1240 703 1519 754 cotyledonum
1560 716 1635 742 nec

293 776 510 828 gemmulae
546 776 584 813 in
622 776 709 826 ipso
748 781 938 827 apparent
971 779 1144 829 vestigia.
1213 779 1358 819 Variae
1387 784 1445 818 est
1473 780 1634 829 formae,

293 854 504 901 filiformis,
534 852 795 903 cylindricus,
824 853 1159 905 subcylindricus,
1190 855 1371 906 conicus,
1407 856 1633 905 fusiformis,

295 929 527 970 trochlearis
557 928 581 967 i.
611 942 644 967 e.
676 929 920 969 extremitate
949 934 1115 983 utraque
1147 932 1378 981 incrassata,
1404 933 1633 984 ‚pyramida-

293 1012 365 1057 tus,
383 1005 644 1058 fungiformis,
672 1006 954 1058 patelliformis,
983 1008 1287 1048 scutelliformis.
1343 1008 1575 1062 Plerumque
1590 1010 1633 1050 in

293 1084 490 1124 albumine
519 1082 741 1122 collocatus
772 1088 847 1131 est;
867 1088 958 1123 sunt
974 1088 1103 1124 tamen
1120 1085 1308 1137 quaedam
1324 1085 1633 1137 Monocotyleae

292 1161 622 1209 exalbuminosae,
651 1160 710 1199 uti
733 1161 961 1212 Triglochin
989 1161 1176 1214 aliaeque.
1234 1161 1440 1202 Gemmula
1468 1163 1509 1202 in
1535 1163 1632 1203 inte-

292 1240 398 1278 riore
428 1238 525 1276 latet
555 1250 743 1288 compage
773 1237 949 1288 minima,
986 1239 1143 1278 demum
1178 1239 1458 1289 germinatione
1488 1253 1634 1292 cogno-

291 1316 446 1355 scenda.
502 1314 719 1365 Elongatur
756 1315 918 1366 embryo
955 1313 1078 1355 altera
1119 1316 1363 1356 extremitate
1406 1317 1445 1355 in
1482 1317 1633 1357 funicu-

291 1393 373 1432 lum
402 1393 523 1442 magis
552 1391 757 1443 minusque
788 1392 1013 1444 elongatum
1040 1392 1300 1432 virescentem
1317 1394 1512 1433 fasciculis
1537 1395 1633 1434 duo-

290 1471 363 1508 bus
392 1480 575 1508 vasorum
604 1468 898 1519 spiroideorum
927 1469 1029 1508 intra
1055 1469 1318 1520 parenchyma
1345 1469 1480 1510 laxum
1508 1483 1633 1523 oppo-

291 1547 389 1586 sitis.
446 1545 686 1584 Extremitas
715 1545 791 1584 ista
819 1557 1089 1596 procrescens,
1119 1546 1229 1597 apice
1253 1551 1398 1586 terram
1427 1547 1553 1596 intrat,
1577 1539 1632 1588 ibi

290 1622 526 1675 gemmulam
573 1622 745 1673 explicat
797 1626 836 1661 et
877 1622 1068 1661 radiculas
1113 1622 1238 1674 ipsam
1283 1624 1499 1664 nutrientes
1542 1626 1631 1677 agit.

292 1699 500 1739 Gemmula
535 1712 615 1738 una
648 1699 905 1750 pluribusque
941 1699 1090 1750 vaginis
1128 1699 1257 1739 cincta
1291 1704 1330 1740 et
1357 1701 1533 1741 involuta
1562 1705 1631 1752 est,

288 1776 542 1816 interioribus
566 1775 608 1814 in
643 1775 739 1814 folia
774 1775 1102 1814 excrescentibus,
1160 1776 1382 1816 Varietates
1414 1779 1630 1829 permultae

291 1859 393 1895 sunt.
448 1854 492 1892 In
521 1852 749 1904 Asphodelo
780 1851 978 1891 funiculus
1008 1856 1068 1891 sat
1095 1851 1255 1903 longus,
1292 1854 1421 1894 tenuis
1451 1855 1632 1894 extremi-

290 1936 369 1972 tate
398 1945 470 1970 sua
498 1931 644 1969 sensim
664 1930 705 1969 in
725 1930 905 1981 vaginam
933 1929 1023 1977 abit,
1051 1941 1150 1980 quae
1178 1929 1261 1968 basi
1288 1930 1483 1970 radiculas
1512 1944 1630 1982 agens

288 2021 481 2061 gemmam
509 2007 640 2054 fulcit;
677 2007 717 2046 in
746 2005 896 2045 Luzula
924 2004 1062 2044 similis
1091 2005 1289 2045 funiculus
1317 2006 1477 2047 brevior
1505 2011 1564 2046 est
1591 2012 1631 2048 et

289 2087 416 2126 adhuc
450 2084 609 2124 brevior
637 2084 679 2123 in
706 2082 988 2129 Hemerocalli;
1044 2082 1085 2120 in
1114 2082 1358 2122 Commelina
1393 2084 1523 2123 tenuis
1559 2088 1629 2134 est,

286 2162 450 2213 vaginae
494 2173 647 2200 crassae
682 2160 879 2209 inseritur,
931 2172 1123 2211 gemmam
1165 2160 1401 2210 involventi,
1451 2161 1492 2199 in
1527 2160 1630 2200 Aloe

288 2237 541 2278 brevissimus
572 2242 647 2286 est,
690 2250 766 2276 nec
793 2249 875 2276 non
902 2236 943 2275 in
973 2235 1251 2287 Cyperoideis,
1286 2237 1340 2276 ita
1372 2241 1418 2276 ut
1450 2238 1499 2277 ad
1528 2237 1629 2277 Gra-

286 2315 393 2356 mina
420 2315 493 2354 hac
529 2315 569 2353 in
597 2327 640 2353 re
670 2314 878 2360 accedant;
925 2312 967 2352 in
995 2312 1096 2352 Lilio
1133 2313 1261 2352 statim
1295 2313 1457 2353 bulbum
1486 2315 1630 2354 format

289 2396 328 2432 et
355 2405 455 2444 quae
483 2395 576 2430 sunt
603 2391 704 2430 aliae
731 2390 952 2430 varietates.
1008 2389 1237 2439 Funiculus,
1266 2390 1358 2428 dum
1372 2394 1518 2429 terram
1545 2394 1629 2430 tan-

287 2469 353 2520 git,
381 2481 463 2507 non
491 2467 713 2506 increscere
736 2467 888 2516 desinit,
918 2466 989 2506 sed
1016 2470 1181 2518 augetur
1208 2470 1247 2506 et
1274 2478 1391 2517 saepe
1419 2466 1472 2506 ita
1499 2471 1542 2507 ut
1569 2471 1628 2506 sat

287 2545 363 2584 alte
391 2557 510 2595 supra
536 2547 681 2582 terram
710 2544 901 2584 elevetur..
969 2544 1143 2583 Tandem
1171 2542 1368 2582 funiculus
1397 2543 1515 2594 perit,
1557 2530 1627 2582 sed

288 2621 401 2661 citius
430 2619 589 2670 tardius,
617 2619 749 2671 planta
777 2624 1042 2660 excrescente.
